<?xml version='1.0' encoding='UTF-8'?>
<collection xmlns='http://www.loc.gov/MARC21/slim' xmlns:xsi='http://www.w3.org/2001/XMLSchema-instance' xsi:schemaLocation='http://www.loc.gov/MARC21/slim http://www.loc.gov/standards/marcxml/schema/MARC21slim.xsd'>
<record xmlns='http://www.loc.gov/MARC21/slim'><leader>01449cam a22004210  4500</leader><controlfield tag='005'>20180315184402.0</controlfield><controlfield tag='008'>851202c19841972enka          00010 eng d</controlfield><controlfield tag='001'>991016638549703811</controlfield><datafield ind1=' ' ind2=' ' tag='020'><subfield code='a'>0856470848 (Lorrimer) :</subfield><subfield code='c'>£3.95</subfield></datafield><datafield ind1=' ' ind2=' ' tag='020'><subfield code='z'>0-930621-00-00 (Ungar) :</subfield><subfield code='c'>$6.95</subfield></datafield><datafield ind1=' ' ind2=' ' tag='035'><subfield code='a'>(PPT)b13389208-01tuli_inst</subfield></datafield><datafield ind1=' ' ind2=' ' tag='035'><subfield code='a'>ocn471309510</subfield><subfield code='9'>ExL</subfield></datafield><datafield ind1=' ' ind2=' ' tag='035'><subfield code='a'>PATG85-B32071</subfield></datafield><datafield ind1=' ' ind2=' ' tag='035'><subfield code='a'>ocm18402578</subfield></datafield><datafield ind1=' ' ind2=' ' tag='035'><subfield code='a'>(OCLC)ocm18402578</subfield></datafield><datafield ind1=' ' ind2=' ' tag='040'><subfield code='a'>NNC</subfield><subfield code='c'>NNC</subfield><subfield code='d'>CSt</subfield><subfield code='d'>PPT</subfield></datafield><datafield ind1='1' ind2=' ' tag='041'><subfield code='a'>eng</subfield><subfield code='h'>ger</subfield></datafield><datafield ind1=' ' ind2=' ' tag='079'><subfield code='a'>ocm18402578</subfield></datafield><datafield ind1=' ' ind2=' ' tag='090'><subfield code='a'>PN1997.C313x 1984</subfield></datafield><datafield ind1='1' ind2='0' tag='100'><subfield code='a'>Wiene, Robert.</subfield></datafield><datafield ind1='0' ind2='0' tag='240'><subfield code='a'>Cabinet des Dr. Caligari.</subfield><subfield code='l'>English</subfield></datafield><datafield ind1='1' ind2='4' tag='245'><subfield code='a'>The cabinet of Dr. Caligari :</subfield><subfield code='b'>a film /</subfield><subfield code='c'>by Robert Wiene, Carl Mayer and Hans Janowitz ; English translation and description of action by R.V. Adkinson.</subfield></datafield><datafield ind1=' ' ind2=' ' tag='250'><subfield code='a'>Rev. ed.</subfield></datafield><datafield ind1=' ' ind2=' ' tag='260'><subfield code='a'>London :</subfield><subfield code='b'>Lorrimer Pub. ;</subfield><subfield code='a'>New York, N.Y. :</subfield><subfield code='b'>F. Ungar Pub. [distributor],</subfield><subfield code='c'>1984, c1972.</subfield></datafield><datafield ind1=' ' ind2=' ' tag='300'><subfield code='a'>100 p. :</subfield><subfield code='b'>ill. ;</subfield><subfield code='c'>21 cm.</subfield></datafield><datafield ind1=' ' ind2='0' tag='440'><subfield code='a'>Classic film scripts</subfield></datafield><datafield ind1='1' ind2='0' tag='700'><subfield code='a'>Mayer, Carl,</subfield><subfield code='d'>1894-1944.</subfield></datafield><datafield ind1='1' ind2='0' tag='700'><subfield code='a'>Janowitz, Hans.</subfield></datafield><datafield ind1='1' ind2='0' tag='700'><subfield code='a'>Adkinson, R. V.</subfield><subfield code='q'>(Robert V.)</subfield></datafield><datafield ind1='4' ind2='1' tag='740'><subfield code='a'>The cabinet of Doctor Caligari.</subfield></datafield><datafield ind1=' ' ind2=' ' tag='907'><subfield code='a'>.b13389208</subfield><subfield code='b'>p    </subfield><subfield code='c'>-</subfield></datafield><datafield ind1=' ' ind2=' ' tag='935'><subfield code='a'>00359528</subfield></datafield><datafield ind1=' ' ind2=' ' tag='945'><subfield code='l'>pstk </subfield><subfield code='g'>1</subfield></datafield><datafield ind1=' ' ind2=' ' tag='950'><subfield code='l'>P</subfield><subfield code='i'>02/25/86 C</subfield></datafield><datafield ind1=' ' ind2=' ' tag='955'><subfield code='l'>P</subfield><subfield code='i'>02/25/86 C</subfield></datafield><datafield ind1=' ' ind2=' ' tag='979'><subfield code='a'>ocm18402578</subfield></datafield><datafield ind1=' ' ind2=' ' tag='998'><subfield code='b'>1</subfield><subfield code='c'>990101</subfield><subfield code='d'>m</subfield><subfield code='e'>a</subfield><subfield code='f'>-</subfield><subfield code='g'>4</subfield></datafield><datafield ind1=' ' ind2=' ' tag='998'><subfield code='a'>02/25/86</subfield><subfield code='t'>b</subfield><subfield code='s'>9114</subfield><subfield code='n'>PPT</subfield><subfield code='w'>CSUG85B79374</subfield><subfield code='d'>12/02/85</subfield><subfield code='c'>MFK</subfield><subfield code='b'>JF</subfield><subfield code='i'>860225</subfield><subfield code='l'>PATG</subfield></datafield><datafield ind1=' ' ind2=' ' tag='ADM'><subfield code='b'>2018-03-15 22:44:02</subfield><subfield code='e'>b13389208-01tuli_inst</subfield><subfield code='d'>ILS</subfield><subfield code='a'>2017-06-20 14:36:16</subfield><subfield code='c'>false</subfield></datafield><datafield ind1='0' ind2=' ' tag='HLD'><subfield code='b'>MAIN</subfield><subfield code='c'>stacks</subfield><subfield code='h'>PN1997.C313x 1984</subfield><subfield code='8'>22332740950003811</subfield></datafield><datafield ind1=' ' ind2=' ' tag='ITM'><subfield code='r'>22332740950003811</subfield><subfield code='b'>1</subfield><subfield code='h'>0</subfield><subfield code='g'>stacks</subfield><subfield code='t'>BOOK</subfield><subfield code='9'>39074003874054</subfield><subfield code='e'>stacks</subfield><subfield code='8'>23332740940003811</subfield><subfield code='a'>0</subfield><subfield code='q'>2017-06-20 14:36:16</subfield><subfield code='i'>PN1997.C313x 1984</subfield><subfield code='d'>MAIN</subfield><subfield code='f'>MAIN</subfield></datafield></record>