
<record xmlns='http://www.loc.gov/MARC21/slim'><leader>02630cgm a2200661 a 4500</leader><controlfield tag='005'>20170825171424.0</controlfield><controlfield tag='007'>vd mv izu</controlfield><controlfield tag='008'>021018s2002    nyu075            vleng d</controlfield><controlfield tag='001'>991001777289703811</controlfield><datafield ind1='1' ind2=' ' tag='024'><subfield code='a'>738329025427</subfield></datafield><datafield ind1='4' ind2='0' tag='028'><subfield code='a'>K254</subfield><subfield code='b'>Kino on Video</subfield></datafield><datafield ind1=' ' ind2=' ' tag='035'><subfield code='a'>(PPT)b27422124-01tuli_inst</subfield></datafield><datafield ind1=' ' ind2=' ' tag='035'><subfield code='a'>(CStRLIN)ocn490393553</subfield><subfield code='9'>ExL</subfield></datafield><datafield ind1=' ' ind2=' ' tag='035'><subfield code='a'>PPTb27422124</subfield></datafield><datafield ind1=' ' ind2=' ' tag='035'><subfield code='a'>ocm50805098</subfield></datafield><datafield ind1=' ' ind2=' ' tag='035'><subfield code='a'>(OCLC)ocm50805098</subfield></datafield><datafield ind1=' ' ind2=' ' tag='040'><subfield code='a'>BIB</subfield><subfield code='c'>BIB</subfield><subfield code='d'>TEF</subfield><subfield code='d'>UV$</subfield><subfield code='d'>PU</subfield><subfield code='d'>PPT</subfield></datafield><datafield ind1='1' ind2=' ' tag='041'><subfield code='b'>eng</subfield><subfield code='h'>ger</subfield></datafield><datafield ind1=' ' ind2=' ' tag='079'><subfield code='a'>ocm50805098</subfield></datafield><datafield ind1=' ' ind2=' ' tag='090'><subfield code='a'>PN1997</subfield><subfield code='b'>.C314x 2002</subfield></datafield><datafield ind1='0' ind2=' ' tag='130'><subfield code='a'>Cabinet des Dr. Caligari (Motion picture).</subfield><subfield code='l'>English.</subfield></datafield><datafield ind1='1' ind2='4' tag='245'><subfield code='a'>The cabinet of Dr. Caligari</subfield><subfield code='h'>[videorecording] :</subfield><subfield code='b'>a film in six acts /</subfield><subfield code='c'>Decla-Film-Gesellschaft, Berlin ; written by Carl Mayer and Hans Janowitz ; directed by Robert Wiene.</subfield></datafield><datafield ind1='1' ind2=' ' tag='246'><subfield code='i'>Original German title:</subfield><subfield code='a'>Kabinett des Doktor Caligari</subfield></datafield><datafield ind1=' ' ind2=' ' tag='250'><subfield code='a'>Restored authorized ed.</subfield></datafield><datafield ind1=' ' ind2=' ' tag='260'><subfield code='a'>New York, NY :</subfield><subfield code='b'>[Distributed by] Kino on Video,</subfield><subfield code='c'>c2002.</subfield></datafield><datafield ind1=' ' ind2=' ' tag='300'><subfield code='a'>1 videodisc (75 min.) :</subfield><subfield code='b'>si., col. tinted and b&amp;w ;</subfield><subfield code='c'>4 3/4 in.</subfield></datafield><datafield ind1=' ' ind2=' ' tag='538'><subfield code='a'>DVD.</subfield></datafield><datafield ind1=' ' ind2=' ' tag='546'><subfield code='a'>Silent films; English intertitles; musical accompaniment.</subfield></datafield><datafield ind1='1' ind2=' ' tag='511'><subfield code='a'>Werner Krauss, Conrad Veidt, Friedrich Feher, Lil Dagover.</subfield></datafield><datafield ind1=' ' ind2=' ' tag='508'><subfield code='a'>Photographed by Willy Hameister; music, Timothy Brock.</subfield></datafield><datafield ind1=' ' ind2=' ' tag='500'><subfield code='a'>Supplemental features: 43-minute condensation of Robert Wiene&apos;s &quot;Genuine : the tale of a vampire&quot; (1920); behind-the-scenes footage of Robert Wiene on the set of I.N.R.I.; two musical scores to choose from; gallery of more than 40 photos, posters and production sketches.</subfield></datafield><datafield ind1=' ' ind2=' ' tag='500'><subfield code='a'>Originally released in Germany as motion pictures in 1919.</subfield></datafield><datafield ind1=' ' ind2=' ' tag='520'><subfield code='a'>A somnambulist commits murders under a hypnotist&apos;s influence.</subfield></datafield><datafield ind1=' ' ind2='7' tag='655'><subfield code='a'>Horror films.</subfield><subfield code='2'>lcgft</subfield></datafield><datafield ind1=' ' ind2='7' tag='655'><subfield code='a'>Silent films.</subfield><subfield code='2'>lcgft</subfield></datafield><datafield ind1=' ' ind2='7' tag='655'><subfield code='a'>Feature films.</subfield><subfield code='2'>lcgft</subfield></datafield><datafield ind1=' ' ind2='0' tag='655'><subfield code='a'>Motion pictures, German.</subfield></datafield><datafield ind1='1' ind2=' ' tag='700'><subfield code='a'>Wiene, Robert.</subfield></datafield><datafield ind1='1' ind2=' ' tag='700'><subfield code='a'>Mayer, Carl,</subfield><subfield code='d'>1894-1944.</subfield></datafield><datafield ind1='1' ind2=' ' tag='700'><subfield code='a'>Janowitz, Hans.</subfield></datafield><datafield ind1='1' ind2=' ' tag='700'><subfield code='a'>Krauss, Werner,</subfield><subfield code='d'>1884-1959</subfield></datafield><datafield ind1='1' ind2=' ' tag='700'><subfield code='a'>Veidt, Conrad,</subfield><subfield code='d'>1893-1943.</subfield></datafield><datafield ind1='1' ind2=' ' tag='700'><subfield code='a'>Feher, Friedrich.</subfield></datafield><datafield ind1='1' ind2=' ' tag='700'><subfield code='a'>Dagover, Lil.</subfield></datafield><datafield ind1='1' ind2=' ' tag='700'><subfield code='a'>Hameister, Willy.</subfield></datafield><datafield ind1='1' ind2=' ' tag='700'><subfield code='a'>Brock, Timothy.</subfield></datafield><datafield ind1='2' ind2=' ' tag='710'><subfield code='a'>Kino International Corporation.</subfield></datafield><datafield ind1='2' ind2=' ' tag='710'><subfield code='a'>Decla Film-Gesellschaft.</subfield></datafield><datafield ind1='0' ind2='2' tag='740'><subfield code='a'>Genuine, a tale of a vampire.</subfield></datafield><datafield ind1=' ' ind2=' ' tag='902'><subfield code='a'>170207</subfield></datafield><datafield ind1=' ' ind2=' ' tag='907'><subfield code='a'>.b27422124</subfield><subfield code='b'>multi</subfield><subfield code='c'>g</subfield></datafield><datafield ind1=' ' ind2=' ' tag='945'><subfield code='l'>avid </subfield><subfield code='a'>DVD 11 A336</subfield><subfield code='g'>1</subfield></datafield><datafield ind1=' ' ind2=' ' tag='945'><subfield code='l'>pmed </subfield><subfield code='g'>1</subfield></datafield><datafield ind1=' ' ind2=' ' tag='945'><subfield code='l'>pmed </subfield><subfield code='g'>1</subfield></datafield><datafield ind1=' ' ind2=' ' tag='945'><subfield code='l'>pmed </subfield><subfield code='a'>DVD 12 403</subfield><subfield code='g'>1</subfield></datafield><datafield ind1=' ' ind2=' ' tag='979'><subfield code='a'>ocm50805098</subfield></datafield><datafield ind1=' ' ind2=' ' tag='998'><subfield code='b'>8</subfield><subfield code='c'>050127</subfield><subfield code='d'>m</subfield><subfield code='e'>g</subfield><subfield code='f'>g</subfield><subfield code='g'>4</subfield></datafield><datafield ind1=' ' ind2=' ' tag='998'><subfield code='a'>01/27/05</subfield><subfield code='s'>RLIN</subfield><subfield code='c'>DH</subfield></datafield><datafield ind1='0' ind2=' ' tag='HLD'><subfield code='b'>MEDIA</subfield><subfield code='c'>media</subfield><subfield code='h'>PN1997</subfield><subfield code='i'>.C314x 2002</subfield><subfield code='8'>22295902580003811</subfield></datafield><datafield ind1='8' ind2=' ' tag='HLD'><subfield code='b'>AMBLER</subfield><subfield code='c'>media</subfield><subfield code='h'>DVD 11 A336</subfield><subfield code='8'>22295902600003811</subfield></datafield><datafield ind1=' ' ind2=' ' tag='ITM'><subfield code='b'>1</subfield><subfield code='h'>0</subfield><subfield code='g'>media</subfield><subfield code='9'>39074027296367</subfield><subfield code='e'>media</subfield><subfield code='8'>23295902570003811</subfield><subfield code='a'>5</subfield><subfield code='q'>2017-06-20 09:39:28</subfield><subfield code='i'>PN1997 .C314x 2002</subfield><subfield code='d'>MEDIA</subfield><subfield code='r'>2018-01-23 16:15:35</subfield><subfield code='f'>MEDIA</subfield></datafield><datafield ind1=' ' ind2=' ' tag='ITM'><subfield code='b'>1</subfield><subfield code='h'>8</subfield><subfield code='g'>media</subfield><subfield code='9'>39074027301373</subfield><subfield code='e'>media</subfield><subfield code='8'>23295902590003811</subfield><subfield code='a'>5</subfield><subfield code='q'>2017-06-20 09:39:28</subfield><subfield code='i'>DVD 11 A336</subfield><subfield code='d'>AMBLER</subfield><subfield code='r'>2018-01-23 18:36:21</subfield><subfield code='f'>AMBLER</subfield></datafield><datafield ind1=' ' ind2=' ' tag='ITM'><subfield code='b'>1</subfield><subfield code='h'>0</subfield><subfield code='g'>media</subfield><subfield code='9'>39074016844144</subfield><subfield code='e'>media</subfield><subfield code='8'>23295902550003811</subfield><subfield code='a'>5</subfield><subfield code='q'>2017-06-20 09:39:28</subfield><subfield code='i'>PN1997 .C314x 2002</subfield><subfield code='d'>MEDIA</subfield><subfield code='r'>2018-01-23 16:15:31</subfield><subfield code='f'>MEDIA</subfield></datafield><datafield ind1=' ' ind2=' ' tag='ITM'><subfield code='b'>1</subfield><subfield code='h'>0</subfield><subfield code='g'>media</subfield><subfield code='9'>39074027391507</subfield><subfield code='e'>media</subfield><subfield code='k'>DVD 12 403</subfield><subfield code='8'>23295902560003811</subfield><subfield code='a'>5</subfield><subfield code='q'>2017-06-20 09:39:28</subfield><subfield code='i'>PN1997 .C314x 2002</subfield><subfield code='d'>MEDIA</subfield><subfield code='p'>2018-05-10 18:24:30</subfield><subfield code='r'>2018-05-10 18:24:30</subfield><subfield code='f'>MEDIA</subfield></datafield></record>