
<record xmlns='http://www.loc.gov/MARC21/slim'><leader>02017ngm a2200433 a 4500</leader><controlfield tag='006'>m        c        </controlfield><controlfield tag='007'>vz mzazzu</controlfield><controlfield tag='007'>cr bn||||||||</controlfield><controlfield tag='008'>120522p20021994xx 075 g          vleng d</controlfield><controlfield tag='001'>991028974319703811</controlfield><datafield ind1=' ' ind2=' ' tag='035'><subfield code='a'>(PPT)b52070657-01tuli_inst</subfield></datafield><datafield ind1=' ' ind2=' ' tag='040'><subfield code='a'>PPT</subfield><subfield code='c'>PPT</subfield></datafield><datafield ind1=' ' ind2=' ' tag='090'><subfield code='a'>PN1997</subfield><subfield code='b'>.C314x 2002eb</subfield></datafield><datafield ind1='0' ind2=' ' tag='130'><subfield code='a'>Cabinet des Dr. Caligari (Motion picture)</subfield></datafield><datafield ind1='1' ind2='4' tag='245'><subfield code='a'>The cabinet of Dr. Caligari</subfield><subfield code='h'>[electronic resource] :</subfield><subfield code='b'>a film in six acts /</subfield><subfield code='c'>production company, Decla Film-Gesellschaft Berlin ; written by Carl Mayer and Hans Janowitz ; director, Robert Wiene.  </subfield></datafield><datafield ind1=' ' ind2=' ' tag='260'><subfield code='a'>[S.l.] :</subfield><subfield code='b'>Kino International,</subfield><subfield code='c'>c2002.</subfield></datafield><datafield ind1=' ' ind2=' ' tag='300'><subfield code='a'>1 streaming video (75 min.) :</subfield><subfield code='b'>digital</subfield></datafield><datafield ind1=' ' ind2=' ' tag='590'><subfield code='a'>Access is available to the Temple Community through use of a networked computer with a Temple IP address.</subfield></datafield><datafield ind1=' ' ind2=' ' tag='500'><subfield code='a'>Silent films with English title cards and musical accompaniment.</subfield></datafield><datafield ind1=' ' ind2=' ' tag='500'><subfield code='a'>Originally produced as motion pictures in 1919.</subfield></datafield><datafield ind1=' ' ind2=' ' tag='500'><subfield code='a'>Foreign films (Germany).</subfield></datafield><datafield ind1=' ' ind2=' ' tag='508'><subfield code='a'>Photography, Willy Hameister ; design, Hermann Warm, Walter Reiman, Walter Rohrig ; music, Timothy Brock. </subfield></datafield><datafield ind1=' ' ind2=' ' tag='538'><subfield code='a'>Mode of access: World Wide Web.</subfield></datafield><datafield ind1=' ' ind2=' ' tag='520'><subfield code='a'>In The cabinet of Dr. Caligari, a somnambulist commits murders under a hynotist&apos;s influence. </subfield></datafield><datafield ind1='1' ind2=' ' tag='511'><subfield code='a'>Werner Krauss, Conrad Veidt, Friedrich Feher, Lil Dagover, Hans Heinz v.Twardowsky, Rudolph Lettinger</subfield></datafield><datafield ind1=' ' ind2='7' tag='655'><subfield code='a'>Feature films.</subfield><subfield code='2'>lcgft</subfield></datafield><datafield ind1=' ' ind2='7' tag='655'><subfield code='a'>Silent films.</subfield><subfield code='2'>lcgft</subfield></datafield><datafield ind1=' ' ind2='7' tag='655'><subfield code='a'>Horror films.</subfield><subfield code='2'>lcgft</subfield></datafield><datafield ind1=' ' ind2='0' tag='655'><subfield code='a'>Foreign films.</subfield></datafield><datafield ind1=' ' ind2='0' tag='655'><subfield code='a'>Streaming video.</subfield></datafield><datafield ind1='1' ind2=' ' tag='700'><subfield code='a'>Mayer, Carl,</subfield><subfield code='d'>1894-1944.</subfield></datafield><datafield ind1='1' ind2=' ' tag='700'><subfield code='a'>Janowitz, Hans.</subfield></datafield><datafield ind1='1' ind2=' ' tag='700'><subfield code='a'>Wiene, Robert.</subfield></datafield><datafield ind1='2' ind2=' ' tag='710'><subfield code='a'>Decla Film Gesellschaft Berlin.</subfield></datafield><datafield ind1='2' ind2=' ' tag='710'><subfield code='a'>Kino International Corporation.</subfield></datafield><datafield ind1='4' ind2='0' tag='856'><subfield code='z'>Access video (Login with Accessnet Name and Password.</subfield><subfield code='u'>http://sites.temple.edu/tulvid/?destinationID=gMe9mWGSt0efAHczSk3Gnw&amp;contentID=k3QyKHRpuEagTkOuciFWlA</subfield></datafield><datafield ind1=' ' ind2=' ' tag='907'><subfield code='a'>.b52070657</subfield><subfield code='b'>w    </subfield><subfield code='c'>-</subfield></datafield><datafield ind1=' ' ind2=' ' tag='902'><subfield code='a'>130625</subfield></datafield><datafield ind1=' ' ind2=' ' tag='998'><subfield code='b'>0</subfield><subfield code='c'>120522</subfield><subfield code='d'>m</subfield><subfield code='e'>2</subfield><subfield code='f'>-</subfield><subfield code='g'>4</subfield></datafield><datafield ind1=' ' ind2=' ' tag='998'><subfield code='a'>05/22/12</subfield><subfield code='s'>ORIG</subfield><subfield code='c'>MRTL</subfield></datafield><datafield ind1=' ' ind2=' ' tag='945'><subfield code='l'>w    </subfield><subfield code='g'>1</subfield></datafield><datafield ind1=' ' ind2=' ' tag='ADM'><subfield code='b'>2018-01-13 08:10:44</subfield><subfield code='e'>b52070657-01tuli_inst</subfield><subfield code='d'>ILS</subfield><subfield code='a'>2017-06-20 08:51:42</subfield><subfield code='c'>false</subfield></datafield><datafield ind1=' ' ind2=' ' tag='PRT'><subfield code='a'>53378372620003811</subfield><subfield code='b'>https://sandbox01-na.alma.exlibrisgroup.com/view/uresolver/01TULI_INST/openurl?u.ignore_date_coverage=true&amp;rft.mms_id=991028974319703811</subfield><subfield code='f'>Access video (Login with Accessnet Name and Password.</subfield><subfield code='9'>Available</subfield><subfield code='d'>MAIN</subfield><subfield code='c'>TUL Streaming Video</subfield><subfield code='8'>53378372620003811</subfield></datafield></record>