
<record xmlns='http://www.loc.gov/MARC21/slim'><leader>02491ngm a2200565 a 4500</leader><controlfield tag='005'>20180315164740.0</controlfield><controlfield tag='007'>vfubbahou</controlfield><controlfield tag='008'>990819p19801919gw 090 g         0vleng d</controlfield><controlfield tag='001'>991005469799703811</controlfield><datafield ind1=' ' ind2=' ' tag='020'><subfield code='a'>0517750015</subfield></datafield><datafield ind1=' ' ind2=' ' tag='035'><subfield code='a'>(PPT)b19244022-01tuli_inst</subfield></datafield><datafield ind1=' ' ind2=' ' tag='035'><subfield code='a'>(CStRLIN)ocn475707451</subfield><subfield code='9'>ExL</subfield></datafield><datafield ind1=' ' ind2=' ' tag='035'><subfield code='a'>PATG99-F47</subfield></datafield><datafield ind1=' ' ind2=' ' tag='035'><subfield code='a'>ocm12086240</subfield></datafield><datafield ind1=' ' ind2=' ' tag='035'><subfield code='a'>(OCLC)ocm12086240</subfield></datafield><datafield ind1=' ' ind2=' ' tag='040'><subfield code='a'>WaBeW</subfield><subfield code='c'>WaBeW</subfield><subfield code='d'>PPT</subfield></datafield><datafield ind1=' ' ind2=' ' tag='079'><subfield code='a'>ocm12086240</subfield></datafield><datafield ind1=' ' ind2=' ' tag='090'><subfield code='a'>PN1997</subfield><subfield code='b'>.C314x 1980</subfield></datafield><datafield ind1='0' ind2=' ' tag='130'><subfield code='a'>Cabinet des Dr. Caligari (Motion picture)</subfield></datafield><datafield ind1='0' ind2='4' tag='245'><subfield code='a'>The Cabinet of Dr. Caligari</subfield><subfield code='h'>[videorecording] /</subfield><subfield code='c'>Famous Films Productions ; produced by Erich Pommer ; directed by Robert Wiene.</subfield></datafield><datafield ind1=' ' ind2=' ' tag='260'><subfield code='a'>New York :</subfield><subfield code='b'>Crown Video,</subfield><subfield code='c'>[198-?].</subfield></datafield><datafield ind1=' ' ind2=' ' tag='300'><subfield code='a'>1 videocassette (90 min.) :</subfield><subfield code='b'>sd., b&amp;w ;</subfield><subfield code='c'>1/2 in.</subfield></datafield><datafield ind1='0' ind2=' ' tag='490'><subfield code='a'>Crown movie classics</subfield></datafield><datafield ind1=' ' ind2=' ' tag='538'><subfield code='a'>VHS.</subfield></datafield><datafield ind1=' ' ind2=' ' tag='500'><subfield code='a'>English titles, subtitles, and written and printed texts.</subfield></datafield><datafield ind1=' ' ind2=' ' tag='500'><subfield code='a'>&quot;A tale of the modern re-appearance of an 11th century myth involving the strange and mysterious influence of a mountebank monk over a somnambulist.&quot;</subfield></datafield><datafield ind1=' ' ind2=' ' tag='500'><subfield code='a'>Originally produced as silent motion picture in Germany in 1919 ; music soundtrack added.</subfield></datafield><datafield ind1=' ' ind2=' ' tag='500'><subfield code='a'>VHS V02739.</subfield></datafield><datafield ind1='1' ind2=' ' tag='511'><subfield code='a'>Werner Kraus (Dr. Caligari), Conrad Veidt (the somnambulist Cesare), Lil Dagover (Jane), Hans Feher (Francis), Hans von Twardowsky (Alan).</subfield></datafield><datafield ind1=' ' ind2=' ' tag='508'><subfield code='a'>Scenario by Carl Mayer and Hans Janowitz ; photography by Karl Freund ; settings, Hermann Warm, Walter Reiman and Walter Röhrig.</subfield></datafield><datafield ind1=' ' ind2=' ' tag='520'><subfield code='a'>A famous example of expressionism, most notably in its settings, the film has its story narrated by one inmate of a lunatic asylum to another inmate, resulting in deliberate ambiguity concerning the authenticity of the story.</subfield></datafield><datafield ind1=' ' ind2='7' tag='655'><subfield code='a'>Horror films.</subfield><subfield code='2'>lcgft</subfield></datafield><datafield ind1=' ' ind2='7' tag='655'><subfield code='a'>Silent films.</subfield><subfield code='2'>lcgft</subfield></datafield><datafield ind1='1' ind2=' ' tag='700'><subfield code='a'>Pommer, Erich,</subfield><subfield code='d'>1889-1966.</subfield></datafield><datafield ind1='1' ind2=' ' tag='700'><subfield code='a'>Wiene, Robert.</subfield></datafield><datafield ind1='1' ind2=' ' tag='700'><subfield code='a'>Mayer, Carl,</subfield><subfield code='d'>1894-1944.</subfield></datafield><datafield ind1='1' ind2=' ' tag='700'><subfield code='a'>Janowitz, Hans.</subfield></datafield><datafield ind1='1' ind2=' ' tag='700'><subfield code='a'>Krauss, Werner,</subfield><subfield code='d'>1884-1959</subfield></datafield><datafield ind1='1' ind2=' ' tag='700'><subfield code='a'>Veidt, Conrad,</subfield><subfield code='d'>1893-1943.</subfield></datafield><datafield ind1='1' ind2=' ' tag='700'><subfield code='a'>Dagover, Lil.</subfield></datafield><datafield ind1='1' ind2=' ' tag='700'><subfield code='a'>Feher, Hans.</subfield></datafield><datafield ind1='2' ind2=' ' tag='710'><subfield code='a'>Famous Films Productions.</subfield></datafield><datafield ind1='2' ind2=' ' tag='710'><subfield code='a'>Crown Video (Firm)</subfield></datafield><datafield ind1=' ' ind2='1' tag='901'><subfield code='i'>39074013787403</subfield><subfield code='l'>trare</subfield><subfield code='z'>PN1997</subfield><subfield code='b'>.C314x 1980</subfield><subfield code='t'>6</subfield><subfield code='s'>o</subfield><subfield code='z'>090</subfield></datafield><datafield ind1=' ' ind2=' ' tag='907'><subfield code='a'>.b19244022</subfield><subfield code='b'>k    </subfield><subfield code='c'>b</subfield></datafield><datafield ind1=' ' ind2=' ' tag='945'><subfield code='l'>kstk </subfield><subfield code='g'>1</subfield></datafield><datafield ind1=' ' ind2=' ' tag='950'><subfield code='l'>TYL</subfield></datafield><datafield ind1=' ' ind2=' ' tag='979'><subfield code='a'>ocm12086240</subfield></datafield><datafield ind1=' ' ind2=' ' tag='998'><subfield code='b'>1</subfield><subfield code='c'>990820</subfield><subfield code='d'>m</subfield><subfield code='e'>1</subfield><subfield code='f'>b</subfield><subfield code='g'>4</subfield></datafield><datafield ind1=' ' ind2=' ' tag='998'><subfield code='a'>08/19/99</subfield><subfield code='t'>c</subfield><subfield code='s'>9116</subfield><subfield code='l'>PATG</subfield><subfield code='n'>PPT</subfield><subfield code='w'>WAWC87F29</subfield><subfield code='d'>08/19/99</subfield><subfield code='c'>NP </subfield><subfield code='b'>AT</subfield></datafield><datafield ind1=' ' ind2=' ' tag='ADM'><subfield code='b'>2018-03-15 20:47:40</subfield><subfield code='e'>b19244022-01tuli_inst</subfield><subfield code='d'>ILS</subfield><subfield code='a'>2017-06-20 08:49:01</subfield><subfield code='c'>false</subfield></datafield><datafield ind1='0' ind2=' ' tag='HLD'><subfield code='b'>KARDON</subfield><subfield code='c'>p_remote</subfield><subfield code='h'>PN1997</subfield><subfield code='i'>.C314x 1980</subfield><subfield code='8'>22287024570003811</subfield></datafield><datafield ind1=' ' ind2=' ' tag='ITM'><subfield code='r'>22287024570003811</subfield><subfield code='b'>1</subfield><subfield code='h'>0</subfield><subfield code='g'>p_remote</subfield><subfield code='t'>OTHER</subfield><subfield code='9'>39074013787403</subfield><subfield code='e'>p_remote</subfield><subfield code='8'>23287024560003811</subfield><subfield code='a'>5</subfield><subfield code='q'>2017-06-20 08:49:01</subfield><subfield code='i'>PN1997 .C314x 1980</subfield><subfield code='d'>KARDON</subfield><subfield code='f'>KARDON</subfield></datafield></record>