
<record xmlns='http://www.loc.gov/MARC21/slim'><leader>01290nam a2200409 a 4500</leader><controlfield tag='005'>20170825184314.0</controlfield><controlfield tag='008'>910122s1990    njua     b   s00100 eng  </controlfield><controlfield tag='001'>991027229969703811</controlfield><datafield ind1=' ' ind2=' ' tag='010'><subfield code='a'>89070309</subfield></datafield><datafield ind1=' ' ind2=' ' tag='020'><subfield code='a'>081351570X :</subfield><subfield code='c'>40.00 (est.)</subfield></datafield><datafield ind1=' ' ind2=' ' tag='020'><subfield code='a'>0813515718 (pbk.) :</subfield><subfield code='c'>14.95 (est.)</subfield></datafield><datafield ind1=' ' ind2=' ' tag='035'><subfield code='a'>(PPT)b15617488-01tuli_inst</subfield></datafield><datafield ind1=' ' ind2=' ' tag='035'><subfield code='a'>ocn472023222</subfield><subfield code='9'>ExL</subfield></datafield><datafield ind1=' ' ind2=' ' tag='035'><subfield code='a'>PATG91-B01217</subfield></datafield><datafield ind1=' ' ind2=' ' tag='035'><subfield code='a'>ocm20931879</subfield></datafield><datafield ind1=' ' ind2=' ' tag='035'><subfield code='a'>(OCLC)ocm20931879</subfield></datafield><datafield ind1=' ' ind2=' ' tag='040'><subfield code='a'>DLC</subfield><subfield code='c'>DLC</subfield><subfield code='d'>NSbSU</subfield><subfield code='d'>PPT</subfield></datafield><datafield ind1=' ' ind2=' ' tag='079'><subfield code='a'>ocm20931879</subfield></datafield><datafield ind1=' ' ind2=' ' tag='090'><subfield code='a'>PN1997.C183C34 1990</subfield></datafield><datafield ind1='0' ind2='4' tag='245'><subfield code='a'>The cabinet of Dr. Caligari :</subfield><subfield code='b'>texts, contexts, histories /</subfield><subfield code='c'>edited by Mike Budd.</subfield></datafield><datafield ind1=' ' ind2=' ' tag='260'><subfield code='a'>New Brunswick :</subfield><subfield code='b'>Rutgers University Press,</subfield><subfield code='c'>c1990.</subfield></datafield><datafield ind1=' ' ind2=' ' tag='300'><subfield code='a'>xii, 261 p. :</subfield><subfield code='b'>ill. ;</subfield><subfield code='c'>24 cm.</subfield></datafield><datafield ind1=' ' ind2=' ' tag='500'><subfield code='a'>Includes index.</subfield></datafield><datafield ind1=' ' ind2=' ' tag='504'><subfield code='a'>Bibliography: p. [257]-258.</subfield></datafield><datafield ind1='0' ind2='0' tag='630'><subfield code='a'>Cabinet des Dr. Caligari (Motion picture)</subfield></datafield><datafield ind1='1' ind2='0' tag='700'><subfield code='a'>Budd, Mike,</subfield><subfield code='d'>1944-</subfield></datafield><datafield ind1=' ' ind2=' ' tag='902'><subfield code='a'>131008</subfield></datafield><datafield ind1=' ' ind2=' ' tag='907'><subfield code='a'>.b15617488</subfield><subfield code='b'>multi</subfield><subfield code='c'>-</subfield></datafield><datafield ind1=' ' ind2=' ' tag='915'><subfield code='a'>28908</subfield></datafield><datafield ind1=' ' ind2=' ' tag='935'><subfield code='a'>00615626</subfield></datafield><datafield ind1=' ' ind2=' ' tag='945'><subfield code='l'>jtcas</subfield><subfield code='g'>1</subfield></datafield><datafield ind1=' ' ind2=' ' tag='945'><subfield code='l'>pstk </subfield><subfield code='g'>1</subfield></datafield><datafield ind1=' ' ind2=' ' tag='950'><subfield code='l'>P</subfield><subfield code='i'>01/22/91 N</subfield></datafield><datafield ind1=' ' ind2=' ' tag='955'><subfield code='l'>P</subfield><subfield code='c'>0</subfield><subfield code='r'>39074007648991</subfield><subfield code='i'>01/22/91 C</subfield></datafield><datafield ind1=' ' ind2=' ' tag='979'><subfield code='a'>ocm20931879</subfield></datafield><datafield ind1=' ' ind2=' ' tag='998'><subfield code='b'>2</subfield><subfield code='c'>990101</subfield><subfield code='d'>m</subfield><subfield code='e'>a</subfield><subfield code='f'>-</subfield><subfield code='g'>4</subfield></datafield><datafield ind1=' ' ind2=' ' tag='998'><subfield code='a'>01/22/91</subfield><subfield code='t'>c</subfield><subfield code='s'>9110</subfield><subfield code='n'>PPT</subfield><subfield code='w'>NYSG90B23119</subfield><subfield code='d'>01/22/91</subfield><subfield code='b'>RF</subfield><subfield code='i'>910122</subfield><subfield code='l'>PATG</subfield></datafield><datafield ind1=' ' ind2=' ' tag='ADM'><subfield code='b'>2017-08-25 22:43:14</subfield><subfield code='e'>b15617488-01tuli_inst</subfield><subfield code='d'>ILS</subfield><subfield code='a'>2017-06-20 12:28:09</subfield><subfield code='c'>false</subfield></datafield><datafield ind1='0' ind2=' ' tag='HLD'><subfield code='b'>MAIN</subfield><subfield code='c'>stacks</subfield><subfield code='h'>PN1997.C183C34 1990</subfield><subfield code='8'>22318342610003811</subfield></datafield><datafield ind1='0' ind2=' ' tag='HLD'><subfield code='b'>JAPAN</subfield><subfield code='c'>stacks</subfield><subfield code='h'>PN1997.C183C34 1990</subfield><subfield code='8'>22318342630003811</subfield></datafield><datafield ind1=' ' ind2=' ' tag='ITM'><subfield code='r'>22318342610003811</subfield><subfield code='b'>1</subfield><subfield code='h'>0</subfield><subfield code='g'>stacks</subfield><subfield code='t'>BOOK</subfield><subfield code='9'>39074007648991</subfield><subfield code='e'>stacks</subfield><subfield code='8'>23318342600003811</subfield><subfield code='a'>0</subfield><subfield code='q'>2017-06-20 12:28:09</subfield><subfield code='i'>PN1997.C183C34 1990</subfield><subfield code='d'>MAIN</subfield><subfield code='f'>MAIN</subfield></datafield><datafield ind1=' ' ind2=' ' tag='ITM'><subfield code='r'>22318342630003811</subfield><subfield code='b'>1</subfield><subfield code='h'>0</subfield><subfield code='g'>stacks</subfield><subfield code='t'>BOOK</subfield><subfield code='9'>31982060156538</subfield><subfield code='e'>stacks</subfield><subfield code='8'>23318342620003811</subfield><subfield code='a'>0</subfield><subfield code='q'>2017-06-20 12:28:09</subfield><subfield code='i'>PN1997.C183C34 1990</subfield><subfield code='d'>JAPAN</subfield><subfield code='f'>JAPAN</subfield></datafield></record>