
<record xmlns='http://www.loc.gov/MARC21/slim'><leader>01700ngm a2200397 i 4500</leader><controlfield tag='005'>20140522110432.0</controlfield><controlfield tag='006'>m     o  c        </controlfield><controlfield tag='007'>vz uzazuu</controlfield><controlfield tag='007'>cr una---unuuu</controlfield><controlfield tag='008'>140717p20141919cau074        o   vleng d</controlfield><controlfield tag='001'>991036898793403811</controlfield><datafield ind1='5' ind2='2' tag='028'><subfield code='a'>1113833</subfield><subfield code='b'>Kanopy</subfield></datafield><datafield ind1=' ' ind2=' ' tag='035'><subfield code='a'>(OCoLC)897772815</subfield></datafield><datafield ind1=' ' ind2=' ' tag='035'><subfield code='a'>(CaSfKAN)kan1113833</subfield></datafield><datafield ind1=' ' ind2=' ' tag='040'><subfield code='a'>UtOrBLW</subfield><subfield code='b'>eng</subfield><subfield code='e'>rda</subfield><subfield code='c'>UtOrBLW</subfield></datafield><datafield ind1=' ' ind2=' ' tag='043'><subfield code='a'>e-gx---</subfield></datafield><datafield ind1='0' ind2='4' tag='245'><subfield code='a'>The cabinet of Dr. Caligari.</subfield></datafield><datafield ind1=' ' ind2='1' tag='264'><subfield code='a'>[San Francisco, California, USA] :</subfield><subfield code='b'>Kanopy Streaming,</subfield><subfield code='c'>2014.</subfield></datafield><datafield ind1=' ' ind2=' ' tag='300'><subfield code='a'>1 online resource (1 video file, approximately 75 min.) :</subfield><subfield code='b'>digital, .flv file, sound</subfield></datafield><datafield ind1=' ' ind2=' ' tag='336'><subfield code='a'>two-dimensional moving image</subfield><subfield code='b'>tdi</subfield><subfield code='2'>rdacontent</subfield></datafield><datafield ind1=' ' ind2=' ' tag='337'><subfield code='a'>computer</subfield><subfield code='b'>c</subfield><subfield code='2'>rdamedia</subfield></datafield><datafield ind1=' ' ind2=' ' tag='338'><subfield code='a'>online resource</subfield><subfield code='b'>cr</subfield><subfield code='2'>rdacarrier</subfield></datafield><datafield ind1=' ' ind2=' ' tag='344'><subfield code='a'>digital</subfield></datafield><datafield ind1=' ' ind2=' ' tag='347'><subfield code='a'>video file</subfield><subfield code='b'>MPEG-4</subfield><subfield code='b'>Flash</subfield></datafield><datafield ind1=' ' ind2=' ' tag='500'><subfield code='a'>Title from title frames.</subfield></datafield><datafield ind1=' ' ind2=' ' tag='518'><subfield code='a'>Originally produced by Kino Lorber Edu in 1919.</subfield></datafield><datafield ind1=' ' ind2=' ' tag='520'><subfield code='a'>A masterpiece of psychological horror and the film that has come to epitomize the mysterious highly stylized German expressionist cinema. A demented hypnotist and his ghastly henchman spread death througout the German countryside. Newly remastered from the archival German material and tinted according to original instructions with evocative score.</subfield></datafield><datafield ind1=' ' ind2=' ' tag='538'><subfield code='a'>Mode of access: World Wide Web.</subfield></datafield><datafield ind1=' ' ind2=' ' tag='590'><subfield code='a'>Access is available to the Temple Community through use of a networked computer with a Temple IP address.</subfield></datafield><datafield ind1='0' ind2='0' tag='630'><subfield code='a'>Cabinet des Dr. Caligari (Motion picture)</subfield></datafield><datafield ind1=' ' ind2='0' tag='650'><subfield code='a'>Hypnotists</subfield><subfield code='v'>Drama.</subfield></datafield><datafield ind1=' ' ind2='0' tag='650'><subfield code='a'>Murder</subfield><subfield code='z'>Germany.</subfield></datafield><datafield ind1=' ' ind2='0' tag='650'><subfield code='a'>Horror films.</subfield></datafield><datafield ind1=' ' ind2='7' tag='655'><subfield code='a'>Silent films.</subfield><subfield code='2'>lcgft</subfield></datafield><datafield ind1=' ' ind2='0' tag='655'><subfield code='a'>Streaming video.</subfield></datafield><datafield ind1='2' ind2=' ' tag='710'><subfield code='a'>Kanopy (Firm)</subfield></datafield><datafield ind1='4' ind2='0' tag='856'><subfield code='u'>http://temple.kanopy.com/node/113834</subfield><subfield code='z'>A Kanopy streaming video</subfield></datafield><datafield ind1='4' ind2='2' tag='856'><subfield code='z'>Cover Image</subfield><subfield code='u'>https://www.kanopy.com/node/113834/external-image</subfield></datafield><datafield ind1=' ' ind2=' ' tag='902'><subfield code='a'>Kanopy Streaming Video (Refresh) 20180424</subfield></datafield><datafield ind1=' ' ind2=' ' tag='979'><subfield code='a'>kan1113833</subfield></datafield><datafield ind1=' ' ind2=' ' tag='PRT'><subfield code='a'>53423035560003811</subfield><subfield code='b'>https://sandbox01-na.alma.exlibrisgroup.com/view/uresolver/01TULI_INST/openurl?u.ignore_date_coverage=true&amp;rft.mms_id=991036898793403811</subfield><subfield code='c'>Kanopy Streaming Video - Request Access</subfield><subfield code='8'>53423035560003811</subfield></datafield></record>