
<record xmlns='http://www.loc.gov/MARC21/slim'><leader>01422ntm a2200445 a 4500</leader><controlfield tag='007'>cr cn ||||||||</controlfield><controlfield tag='008'>040322s2003    xx g     b    000 0 eng d</controlfield><controlfield tag='005'>20170825215640.0</controlfield><controlfield tag='001'>991000321769703811</controlfield><datafield ind1=' ' ind2=' ' tag='035'><subfield code='a'>(PPT)b27070773-01tuli_inst</subfield></datafield><datafield ind1=' ' ind2=' ' tag='035'><subfield code='a'>ocn490343322</subfield><subfield code='9'>ExL</subfield></datafield><datafield ind1=' ' ind2=' ' tag='035'><subfield code='a'>PPTb27070773</subfield></datafield><datafield ind1=' ' ind2=' ' tag='035'><subfield code='a'>ocm54965944</subfield></datafield><datafield ind1=' ' ind2=' ' tag='035'><subfield code='a'>(OCLC)ocm54965944</subfield></datafield><datafield ind1=' ' ind2=' ' tag='040'><subfield code='a'>PPT</subfield><subfield code='c'>PPT</subfield></datafield><datafield ind1=' ' ind2=' ' tag='079'><subfield code='a'>ocm54965944</subfield></datafield><datafield ind1=' ' ind2=' ' tag='099'><subfield code='a'>DISS M 2003 H476</subfield></datafield><datafield ind1='1' ind2=' ' tag='100'><subfield code='a'>Herman, Matthew James.</subfield></datafield><datafield ind1='1' ind2='4' tag='245'><subfield code='a'>The cabinet of Dr. Caligari :</subfield><subfield code='b'>an opera in two acts /</subfield><subfield code='c'>by Matthew James Herman.</subfield></datafield><datafield ind1=' ' ind2=' ' tag='260'><subfield code='c'>2003.</subfield></datafield><datafield ind1=' ' ind2=' ' tag='300'><subfield code='a'>2 v. (ix, 46 leaves, 264 leaves) :</subfield><subfield code='b'>music ;</subfield><subfield code='c'>28-35 cm.</subfield></datafield><datafield ind1=' ' ind2=' ' tag='500'><subfield code='a'>Abstract.</subfield></datafield><datafield ind1=' ' ind2=' ' tag='502'><subfield code='a'>Thesis (D.M.A.)--Temple University, 2003.</subfield></datafield><datafield ind1=' ' ind2=' ' tag='504'><subfield code='a'>Includes bibliographical references (leaf 42).</subfield></datafield><datafield ind1=' ' ind2='0' tag='505'><subfield code='a'>v. 1. Text -- v. 2. Score.</subfield></datafield><datafield ind1=' ' ind2='0' tag='650'><subfield code='a'>Operas</subfield><subfield code='v'>Scores.</subfield></datafield><datafield ind1=' ' ind2='0' tag='650'><subfield code='a'>Operas</subfield><subfield code='x'>Analysis, appreciation.</subfield></datafield><datafield ind1=' ' ind2='0' tag='650'><subfield code='a'>Composition (Music)</subfield></datafield><datafield ind1=' ' ind2='4' tag='690'><subfield code='a'>Composition (Music)</subfield><subfield code='x'>Temple University theses.</subfield></datafield><datafield ind1=' ' ind2='4' tag='690'><subfield code='a'>Temple University</subfield><subfield code='x'>Theses.</subfield></datafield><datafield ind1=' ' ind2=' ' tag='902'><subfield code='a'>130919</subfield></datafield><datafield ind1=' ' ind2=' ' tag='907'><subfield code='a'>.b27070773</subfield><subfield code='b'>multi</subfield><subfield code='c'>-</subfield></datafield><datafield ind1=' ' ind2=' ' tag='945'><subfield code='l'>kmicr</subfield><subfield code='u'>v.v.1-2</subfield><subfield code='g'>1</subfield></datafield><datafield ind1=' ' ind2=' ' tag='945'><subfield code='l'>kdis </subfield><subfield code='a'>Shelved by author</subfield><subfield code='u'>v.v.1</subfield><subfield code='g'>1</subfield></datafield><datafield ind1=' ' ind2=' ' tag='945'><subfield code='l'>kdis </subfield><subfield code='a'>Shelved by author</subfield><subfield code='u'>v.v.2</subfield><subfield code='g'>1</subfield></datafield><datafield ind1=' ' ind2=' ' tag='945'><subfield code='l'>stem </subfield><subfield code='u'>v.v.1</subfield><subfield code='g'>1</subfield></datafield><datafield ind1=' ' ind2=' ' tag='945'><subfield code='l'>stem </subfield><subfield code='u'>v.v.2</subfield><subfield code='g'>1</subfield></datafield><datafield ind1=' ' ind2=' ' tag='979'><subfield code='a'>ocm54965944</subfield></datafield><datafield ind1=' ' ind2=' ' tag='998'><subfield code='b'>5</subfield><subfield code='c'>040322</subfield><subfield code='d'>m</subfield><subfield code='e'>a</subfield><subfield code='f'>-</subfield><subfield code='g'>4</subfield></datafield><datafield ind1=' ' ind2=' ' tag='998'><subfield code='a'>03/22/04</subfield><subfield code='s'>DISS</subfield><subfield code='c'>RM </subfield></datafield><datafield ind1=' ' ind2=' ' tag='ADM'><subfield code='b'>2017-08-26 01:56:40</subfield><subfield code='e'>b27070773-01tuli_inst</subfield><subfield code='d'>ILS</subfield><subfield code='a'>2017-06-20 07:46:11</subfield><subfield code='c'>false</subfield></datafield><datafield ind1='8' ind2=' ' tag='HLD'><subfield code='b'>KARDON</subfield><subfield code='c'>p_remote</subfield><subfield code='h'>Shelved by author</subfield><subfield code='8'>22272006230003811</subfield></datafield><datafield ind1='8' ind2=' ' tag='HLD'><subfield code='b'>SCRC</subfield><subfield code='c'>rarestacks</subfield><subfield code='h'>DISS M 2003 H476</subfield><subfield code='8'>22272006190003811</subfield></datafield><datafield ind1=' ' ind2=' ' tag='ITM'><subfield code='r'>22272006230003811</subfield><subfield code='b'>1</subfield><subfield code='h'>8</subfield><subfield code='g'>p_remote</subfield><subfield code='t'>MANUSCRIPT</subfield><subfield code='9'>39074016494411</subfield><subfield code='e'>p_remote</subfield><subfield code='8'>23272006220003811</subfield><subfield code='c'>v.1</subfield><subfield code='a'>0</subfield><subfield code='q'>2017-06-20 07:46:11</subfield><subfield code='i'>Shelved by author</subfield><subfield code='d'>KARDON</subfield><subfield code='f'>KARDON</subfield></datafield><datafield ind1=' ' ind2=' ' tag='ITM'><subfield code='r'>22272006230003811</subfield><subfield code='b'>1</subfield><subfield code='h'>8</subfield><subfield code='g'>p_remote</subfield><subfield code='t'>MANUSCRIPT</subfield><subfield code='9'>39074021403357</subfield><subfield code='e'>p_remote</subfield><subfield code='k'>DISS M 2003 H476</subfield><subfield code='8'>23272006200003811</subfield><subfield code='c'>v.1-2</subfield><subfield code='a'>4</subfield><subfield code='q'>2017-06-20 07:46:11</subfield><subfield code='i'>Shelved by author</subfield><subfield code='d'>KARDON</subfield><subfield code='f'>KARDON</subfield></datafield><datafield ind1=' ' ind2=' ' tag='ITM'><subfield code='r'>22272006230003811</subfield><subfield code='b'>0</subfield><subfield code='u'>TECHNICAL</subfield><subfield code='h'>8</subfield><subfield code='g'>p_remote</subfield><subfield code='t'>MANUSCRIPT</subfield><subfield code='e'>p_remote</subfield><subfield code='8'>23272006210003811</subfield><subfield code='c'>v.2</subfield><subfield code='a'>0</subfield><subfield code='q'>2017-06-20 07:46:11</subfield><subfield code='i'>Shelved by author</subfield><subfield code='d'>KARDON</subfield><subfield code='f'>KARDON</subfield></datafield><datafield ind1=' ' ind2=' ' tag='ITM'><subfield code='r'>22272006190003811</subfield><subfield code='b'>1</subfield><subfield code='h'>8</subfield><subfield code='g'>rarestacks</subfield><subfield code='t'>MANUSCRIPT</subfield><subfield code='e'>rarestacks</subfield><subfield code='8'>23272006170003811</subfield><subfield code='c'>v.2</subfield><subfield code='a'>4</subfield><subfield code='q'>2017-06-20 07:46:11</subfield><subfield code='i'>DISS M 2003 H476</subfield><subfield code='d'>SCRC</subfield><subfield code='f'>SCRC</subfield></datafield><datafield ind1=' ' ind2=' ' tag='ITM'><subfield code='r'>22272006190003811</subfield><subfield code='b'>1</subfield><subfield code='h'>8</subfield><subfield code='g'>rarestacks</subfield><subfield code='t'>MANUSCRIPT</subfield><subfield code='e'>rarestacks</subfield><subfield code='8'>23272006180003811</subfield><subfield code='c'>v.1</subfield><subfield code='a'>4</subfield><subfield code='q'>2017-06-20 07:46:11</subfield><subfield code='i'>DISS M 2003 H476</subfield><subfield code='d'>SCRC</subfield><subfield code='f'>SCRC</subfield></datafield></record>