
<record xmlns='http://www.loc.gov/MARC21/slim'><leader>02317ngm a22004813a 4500</leader><controlfield tag='005'>20180315191224.0</controlfield><controlfield tag='006'>m||||||||c||||||||</controlfield><controlfield tag='007'>cr||n|---||a|a</controlfield><controlfield tag='007'>vz||zazu|</controlfield><controlfield tag='008'>121105s1919    nyu074        s   v|eng d</controlfield><controlfield tag='001'>991020778949703811</controlfield><datafield ind1=' ' ind2=' ' tag='035'><subfield code='a'>(PPT)b60923829-01tuli_inst</subfield></datafield><datafield ind1=' ' ind2=' ' tag='035'><subfield code='a'>(VaAlASP)ASP1779422/silf</subfield><subfield code='9'>ExL</subfield></datafield><datafield ind1=' ' ind2=' ' tag='035'><subfield code='a'>(OCoLC)827295097</subfield></datafield><datafield ind1=' ' ind2=' ' tag='040'><subfield code='a'>VaAlASP</subfield><subfield code='c'>VaAlASP</subfield></datafield><datafield ind1='0' ind2='4' tag='245'><subfield code='a'>The cabinet of Dr. Caligari</subfield><subfield code='h'>[electronic resource].</subfield></datafield><datafield ind1=' ' ind2=' ' tag='260'><subfield code='a'>New York, NY :</subfield><subfield code='b'>Kino International,</subfield><subfield code='c'>1919.</subfield></datafield><datafield ind1=' ' ind2=' ' tag='300'><subfield code='a'>1 online resource (74 min.).</subfield></datafield><datafield ind1=' ' ind2=' ' tag='306'><subfield code='a'>011400</subfield></datafield><datafield ind1='0' ind2=' ' tag='490'><subfield code='a'>Silent film online</subfield></datafield><datafield ind1=' ' ind2=' ' tag='500'><subfield code='a'>Country of origin: Germany.</subfield></datafield><datafield ind1=' ' ind2=' ' tag='500'><subfield code='a'>Title from resource description page (viewed Nov. 7, 2012).</subfield></datafield><datafield ind1=' ' ind2=' ' tag='520'><subfield code='a'>The most brilliant example of that dark and twisted film movement known as German expressionism, The Cabinet of Dr. Caligari is a plunge into the mind of insanity that severs all ties with the rational world. Director Robert Wiene and a team of designers crafted a nightmare realm in which light, shadow and substance are abstracted, a world in which a demented doctor and a carnival sleepwalker perpetuate a series of murders in a small community.</subfield></datafield><datafield ind1=' ' ind2=' ' tag='530'><subfield code='a'>Previously released as DVD.</subfield></datafield><datafield ind1=' ' ind2=' ' tag='533'><subfield code='a'>Electronic reproduction.</subfield><subfield code='b'>Alexandria, VA :</subfield><subfield code='c'>Alexander Street Press,</subfield><subfield code='d'>2012.</subfield><subfield code='f'>(Silent film).</subfield><subfield code='n'>Available via World Wide Web.</subfield></datafield><datafield ind1=' ' ind2=' ' tag='546'><subfield code='a'>Silent film with English intertitles and musical background.</subfield></datafield><datafield ind1=' ' ind2=' ' tag='590'><subfield code='a'>Access is available to the Temple Community through use of a networked computer with a Temple IP address.</subfield></datafield><datafield ind1=' ' ind2='7' tag='655'><subfield code='a'>Fiction films.</subfield><subfield code='2'>lcgft</subfield></datafield><datafield ind1=' ' ind2='0' tag='655'><subfield code='a'>Streaming video.</subfield></datafield><datafield ind1='1' ind2=' ' tag='700'><subfield code='a'>Feher, Friedrich.</subfield><subfield code='4'>act</subfield></datafield><datafield ind1='1' ind2=' ' tag='700'><subfield code='a'>Krauss, Werner.</subfield><subfield code='4'>act</subfield></datafield><datafield ind1='1' ind2=' ' tag='700'><subfield code='a'>Meinert, Rudolf,</subfield><subfield code='d'>1882-1945.</subfield><subfield code='4'>att</subfield><subfield code='4'>pro</subfield></datafield><datafield ind1='1' ind2=' ' tag='700'><subfield code='a'>Pommer, Erich,</subfield><subfield code='d'>1889-1966.</subfield><subfield code='4'>att</subfield><subfield code='4'>pro</subfield></datafield><datafield ind1='1' ind2=' ' tag='700'><subfield code='a'>Veidt, Conrad,</subfield><subfield code='d'>1893-1943.</subfield><subfield code='4'>act</subfield></datafield><datafield ind1='1' ind2=' ' tag='700'><subfield code='a'>Wiene, Robert.</subfield><subfield code='4'>att</subfield><subfield code='4'>drt</subfield></datafield><datafield ind1='2' ind2=' ' tag='710'><subfield code='a'>Alexander Street Press.</subfield></datafield><datafield ind1='1' ind2=' ' tag='776'><subfield code='c'>Original publisher catalog number</subfield><subfield code='o'>K254</subfield></datafield><datafield ind1='4' ind2='0' tag='856'><subfield code='z'>Access electronic resource.</subfield><subfield code='u'>http://libproxy.temple.edu/login?url=http://www.aspresolver.com/aspresolver.asp?FLMS;1779422</subfield></datafield><datafield ind1=' ' ind2=' ' tag='902'><subfield code='a'>160308</subfield></datafield><datafield ind1=' ' ind2=' ' tag='902'><subfield code='a'>Silent Film Online 2016-03-04</subfield></datafield><datafield ind1=' ' ind2=' ' tag='907'><subfield code='a'>.b60923829</subfield><subfield code='b'>w    </subfield><subfield code='c'>-</subfield></datafield><datafield ind1=' ' ind2=' ' tag='945'><subfield code='l'>w    </subfield><subfield code='g'>1</subfield></datafield><datafield ind1=' ' ind2=' ' tag='998'><subfield code='b'>1</subfield><subfield code='c'>160312</subfield><subfield code='d'>m</subfield><subfield code='e'>2</subfield><subfield code='f'>-</subfield><subfield code='g'>4</subfield></datafield><datafield ind1=' ' ind2=' ' tag='ADM'><subfield code='b'>2018-03-15 23:12:24</subfield><subfield code='e'>b60923829-01tuli_inst</subfield><subfield code='d'>ILS</subfield><subfield code='a'>2017-06-20 11:57:28</subfield><subfield code='c'>false</subfield></datafield><datafield ind1=' ' ind2=' ' tag='PRT'><subfield code='a'>53382673350003811</subfield><subfield code='b'>https://sandbox01-na.alma.exlibrisgroup.com/view/uresolver/01TULI_INST/openurl?u.ignore_date_coverage=true&amp;rft.mms_id=991020778949703811</subfield><subfield code='f'>Access electronic resource.</subfield><subfield code='9'>Available</subfield><subfield code='d'>MAIN</subfield><subfield code='8'>53382673350003811</subfield></datafield></record>