
<record xmlns='http://www.loc.gov/MARC21/slim'><leader>01040ngm a2200229 a 4500</leader><controlfield tag='005'>20170908095135.0</controlfield><controlfield tag='007'>vd#uvuuzu</controlfield><controlfield tag='008'>######n########xx ---############vuund#d</controlfield><controlfield tag='001'>991005915839703811</controlfield><datafield ind1=' ' ind2=' ' tag='035'><subfield code='a'>(PPT)b28438565-01tuli_inst</subfield></datafield><datafield ind1=' ' ind2=' ' tag='099'><subfield code='a'>GR.R-01</subfield></datafield><datafield ind1='0' ind2='4' tag='245'><subfield code='a'>The Cabinet of Dr. Caligari</subfield></datafield><datafield ind1=' ' ind2=' ' tag='260'><subfield code='a'>Blackhawk Films 1996</subfield></datafield><datafield ind1=' ' ind2=' ' tag='300'><subfield code='a'>B&amp;W, 76 min, German with English Subtitles</subfield></datafield><datafield ind1=' ' ind2=' ' tag='520'><subfield code='a'>Werner Krauss stars as a deranged hypnotitst who spread death through the countryside from a ramshackle traveling carnival. Before the naive eyes of the townspeople, he unveils the contents of his coffin-like cabinent: Cesare, a spidery sleepwalker who obeys his every command.  But at night, once the crowds have dispersed, Caligari lifts the lid on darker intentions, unleashing the dreadful Cesare to act upon his master&apos;s murderous whims and carnal desires.</subfield></datafield><datafield ind1=' ' ind2=' ' tag='538'><subfield code='a'>DVD</subfield></datafield><datafield ind1=' ' ind2=' ' tag='590'><subfield code='a'>German Expresionism</subfield></datafield><datafield ind1=' ' ind2=' ' tag='690'><subfield code='a'>German</subfield></datafield><datafield ind1=' ' ind2=' ' tag='902'><subfield code='a'>110407</subfield></datafield><datafield ind1=' ' ind2=' ' tag='907'><subfield code='a'>.b28438565</subfield><subfield code='b'>xetc </subfield><subfield code='c'>-</subfield></datafield><datafield ind1=' ' ind2=' ' tag='945'><subfield code='l'>xetc </subfield><subfield code='g'>1</subfield></datafield><datafield ind1=' ' ind2=' ' tag='998'><subfield code='b'>0</subfield><subfield code='d'>m</subfield><subfield code='e'>g</subfield><subfield code='f'>-</subfield><subfield code='g'>4</subfield></datafield><datafield ind1=' ' ind2=' ' tag='ADM'><subfield code='b'>2017-09-08 13:51:35</subfield><subfield code='e'>b28438565-01tuli_inst</subfield><subfield code='d'>ILS</subfield><subfield code='a'>2017-06-20 10:46:52</subfield><subfield code='c'>false</subfield></datafield><datafield ind1='8' ind2=' ' tag='HLD'><subfield code='b'>CLAEDTECH</subfield><subfield code='c'>media</subfield><subfield code='h'>GR.R-01</subfield><subfield code='8'>22306053640003811</subfield></datafield><datafield ind1=' ' ind2=' ' tag='ITM'><subfield code='r'>22306053640003811</subfield><subfield code='b'>1</subfield><subfield code='h'>8</subfield><subfield code='g'>media</subfield><subfield code='t'>OTHER</subfield><subfield code='9'>39074015120751</subfield><subfield code='e'>media</subfield><subfield code='8'>23306053630003811</subfield><subfield code='a'>5</subfield><subfield code='q'>2017-06-20 10:46:52</subfield><subfield code='i'>GR.R-01</subfield><subfield code='d'>CLAEDTECH</subfield><subfield code='f'>CLAEDTECH</subfield></datafield></record>