
<record xmlns='http://www.loc.gov/MARC21/slim'><leader>01154ngm a2200217 a 4500</leader><controlfield tag='005'>20180315171723.0</controlfield><controlfield tag='007'>vd#uvuuzu</controlfield><controlfield tag='008'>######n########xx ---############vuund#d</controlfield><controlfield tag='001'>991008331629703811</controlfield><datafield ind1=' ' ind2=' ' tag='035'><subfield code='a'>(PPT)b45702470-01tuli_inst</subfield></datafield><datafield ind1=' ' ind2=' ' tag='099'><subfield code='a'>GR.R-1.1</subfield></datafield><datafield ind1='0' ind2='4' tag='245'><subfield code='a'>The Cabinet of Dr. Caligari</subfield></datafield><datafield ind1=' ' ind2=' ' tag='260'><subfield code='a'>Film Preservation Associates 1996</subfield></datafield><datafield ind1=' ' ind2=' ' tag='300'><subfield code='a'>76 MINS</subfield></datafield><datafield ind1=' ' ind2=' ' tag='500'><subfield code='a'>Color Tinted</subfield></datafield><datafield ind1=' ' ind2=' ' tag='520'><subfield code='a'>A man named Francis relates a story about his best friend Alan and his fiancée Jane. Alan takes him to a fair where they meet Dr. Caligari, who exhibits a somnambulist, Cesare, that can predict the future. When Alan asks how long he has to live, Cesare says he has until dawn. The prophecy comes to pass, as Alan is murdered, and Cesare is a prime suspect. Cesare creeps into Jane&apos;s bedroom and abducts her, running from the townspeople and finally dying of exhaustion. Meanwhile, the police discover a dummy in Cesare&apos;s cabinet, while Caligari flees. Francis tracks Caligari to a mental asylum. He is the director! Or is he?</subfield></datafield><datafield ind1=' ' ind2=' ' tag='538'><subfield code='a'>DVD</subfield></datafield><datafield ind1=' ' ind2=' ' tag='590'><subfield code='a'>German</subfield></datafield><datafield ind1=' ' ind2=' ' tag='907'><subfield code='a'>.b45702470</subfield><subfield code='b'>xetc </subfield><subfield code='c'>-</subfield></datafield><datafield ind1=' ' ind2=' ' tag='945'><subfield code='l'>xetc </subfield><subfield code='g'>1</subfield></datafield><datafield ind1=' ' ind2=' ' tag='998'><subfield code='b'>0</subfield><subfield code='d'>m</subfield><subfield code='e'>g</subfield><subfield code='f'>-</subfield><subfield code='g'>4</subfield></datafield><datafield ind1=' ' ind2=' ' tag='ADM'><subfield code='b'>2018-03-15 21:17:23</subfield><subfield code='e'>b45702470-01tuli_inst</subfield><subfield code='d'>ILS</subfield><subfield code='a'>2017-06-20 10:55:16</subfield><subfield code='c'>false</subfield></datafield><datafield ind1='8' ind2=' ' tag='HLD'><subfield code='b'>CLAEDTECH</subfield><subfield code='c'>media</subfield><subfield code='h'>GR.R-1.1</subfield><subfield code='8'>22307343520003811</subfield></datafield><datafield ind1=' ' ind2=' ' tag='ITM'><subfield code='r'>22307343520003811</subfield><subfield code='b'>1</subfield><subfield code='h'>8</subfield><subfield code='g'>media</subfield><subfield code='t'>BOOK</subfield><subfield code='9'>39074027127075</subfield><subfield code='e'>media</subfield><subfield code='8'>23307343510003811</subfield><subfield code='a'>5</subfield><subfield code='q'>2017-06-20 10:55:16</subfield><subfield code='i'>GR.R-1.1</subfield><subfield code='d'>CLAEDTECH</subfield><subfield code='f'>CLAEDTECH</subfield></datafield></record>