
<record xmlns='http://www.loc.gov/MARC21/slim'><leader>00687ngm a2200241 a 4500</leader><controlfield tag='008'>                                        </controlfield><controlfield tag='001'>991027288329703811</controlfield><datafield ind1=' ' ind2=' ' tag='035'><subfield code='a'>(PPT)b24788090-01tuli_inst</subfield></datafield><datafield ind1=' ' ind2=' ' tag='099'><subfield code='a'>ZZ.027.2</subfield></datafield><datafield ind1='1' ind2='0' tag='245'><subfield code='a'>Cabinet of Dr Caligari The. Reel 2 of 2.</subfield></datafield><datafield ind1=' ' ind2=' ' tag='260'><subfield code='c'>1919</subfield></datafield><datafield ind1=' ' ind2=' ' tag='300'><subfield code='c'>16 mm film [2 reels]</subfield></datafield><datafield ind1=' ' ind2=' ' tag='500'><subfield code='a'>53 min.</subfield></datafield><datafield ind1=' ' ind2=' ' tag='520'><subfield code='a'>Expressionist influence seen in sets plot costumes makeup and acting to give artictic expression to a distorted world as seen by a madman.</subfield></datafield><datafield ind1=' ' ind2=' ' tag='590'><subfield code='a'>MLC</subfield></datafield><datafield ind1=' ' ind2=' ' tag='590'><subfield code='a'>faculty library</subfield></datafield><datafield ind1=' ' ind2=' ' tag='590'><subfield code='a'>English; RTF</subfield></datafield><datafield ind1=' ' ind2=' ' tag='690'><subfield code='a'>RTF</subfield></datafield><datafield ind1=' ' ind2=' ' tag='690'><subfield code='a'>English</subfield></datafield><datafield ind1=' ' ind2=' ' tag='690'><subfield code='a'>film</subfield></datafield><datafield ind1=' ' ind2=' ' tag='690'><subfield code='a'>art</subfield></datafield><datafield ind1=' ' ind2=' ' tag='907'><subfield code='a'>.b24788090</subfield><subfield code='b'>xetc </subfield><subfield code='c'>-</subfield></datafield><datafield ind1=' ' ind2=' ' tag='902'><subfield code='a'>130909</subfield></datafield><datafield ind1=' ' ind2=' ' tag='998'><subfield code='b'>0</subfield><subfield code='c'>      </subfield><subfield code='d'>m</subfield><subfield code='e'>3</subfield><subfield code='f'>-</subfield><subfield code='g'>0</subfield></datafield><datafield ind1=' ' ind2=' ' tag='945'><subfield code='l'>xetc </subfield><subfield code='g'>1</subfield></datafield><datafield ind1=' ' ind2=' ' tag='ADM'><subfield code='e'>b24788090-01tuli_inst</subfield><subfield code='d'>ILS</subfield><subfield code='a'>2017-06-20 12:17:17</subfield><subfield code='c'>false</subfield></datafield><datafield ind1='8' ind2=' ' tag='HLD'><subfield code='b'>CLAEDTECH</subfield><subfield code='c'>media</subfield><subfield code='h'>ZZ.027.2</subfield><subfield code='8'>22317075650003811</subfield></datafield><datafield ind1=' ' ind2=' ' tag='ITM'><subfield code='r'>22317075650003811</subfield><subfield code='b'>1</subfield><subfield code='h'>8</subfield><subfield code='g'>media</subfield><subfield code='t'>OTHER</subfield><subfield code='9'>39074015068497</subfield><subfield code='e'>media</subfield><subfield code='8'>23317075640003811</subfield><subfield code='a'>5</subfield><subfield code='q'>2017-06-20 12:17:17</subfield><subfield code='i'>ZZ.027.2</subfield><subfield code='d'>CLAEDTECH</subfield><subfield code='f'>CLAEDTECH</subfield></datafield></record>