
<record xmlns='http://www.loc.gov/MARC21/slim'><leader>00555nam a22001691  4500</leader><controlfield tag='008'>                                        </controlfield><controlfield tag='001'>991017447949703811</controlfield><datafield ind1=' ' ind2=' ' tag='035'><subfield code='a'>(PPT)b4891423x-01tuli_inst</subfield></datafield><datafield ind1=' ' ind2=' ' tag='099'><subfield code='a'>Video #5199</subfield></datafield><datafield ind1='1' ind2='0' tag='245'><subfield code='a'>German expressionism collection : The cabinet of Dr. Caligari ; The hands of Orlac ; Secrets of a soul ; Warning shadows (Video)</subfield><subfield code='h'>[Video]</subfield></datafield><datafield ind1=' ' ind2=' ' tag='260'><subfield code='c'>1919-1923</subfield></datafield><datafield ind1=' ' ind2=' ' tag='300'><subfield code='a'>75 min. ; 113 min. ; 75 min. ; 85 min.</subfield></datafield><datafield ind1=' ' ind2=' ' tag='500'><subfield code='a'>DVD (4 discs)</subfield></datafield><datafield ind1=' ' ind2=' ' tag='907'><subfield code='a'>.b4891423x</subfield><subfield code='b'>jt   </subfield><subfield code='c'>-</subfield></datafield><datafield ind1=' ' ind2=' ' tag='902'><subfield code='a'>131112</subfield></datafield><datafield ind1=' ' ind2=' ' tag='998'><subfield code='b'>1</subfield><subfield code='c'>110807</subfield><subfield code='d'>m</subfield><subfield code='e'>g</subfield><subfield code='f'>-</subfield><subfield code='g'>0</subfield></datafield><datafield ind1=' ' ind2=' ' tag='915'><subfield code='a'>59642</subfield></datafield><datafield ind1=' ' ind2=' ' tag='998'><subfield code='b'>1</subfield><subfield code='c'>110807</subfield><subfield code='d'>m</subfield><subfield code='e'>a</subfield><subfield code='f'>-</subfield><subfield code='g'>0</subfield></datafield><datafield ind1=' ' ind2=' ' tag='945'><subfield code='l'>jtvid</subfield><subfield code='g'>1</subfield></datafield><datafield ind1=' ' ind2=' ' tag='ADM'><subfield code='e'>b4891423x-01tuli_inst</subfield><subfield code='d'>ILS</subfield><subfield code='a'>2017-06-20 08:17:04</subfield><subfield code='c'>false</subfield></datafield><datafield ind1='8' ind2=' ' tag='HLD'><subfield code='b'>JAPAN</subfield><subfield code='c'>media</subfield><subfield code='h'>Video #5199</subfield><subfield code='8'>22279963020003811</subfield></datafield><datafield ind1=' ' ind2=' ' tag='ITM'><subfield code='r'>22279963020003811</subfield><subfield code='b'>1</subfield><subfield code='h'>8</subfield><subfield code='g'>media</subfield><subfield code='t'>DVD</subfield><subfield code='9'>31982070405263</subfield><subfield code='e'>media</subfield><subfield code='8'>23279963010003811</subfield><subfield code='a'>5</subfield><subfield code='q'>2017-06-20 08:17:04</subfield><subfield code='i'>Video #5199</subfield><subfield code='d'>JAPAN</subfield><subfield code='f'>JAPAN</subfield></datafield></record>