
<record xmlns='http://www.loc.gov/MARC21/slim'><leader>01201nam a2200373 a 4500</leader><controlfield tag='005'>20170825172729.0</controlfield><controlfield tag='008'>980501s1997    enkahc   b    000 0 eng d</controlfield><controlfield tag='001'>991001812089703811</controlfield><datafield ind1=' ' ind2=' ' tag='020'><subfield code='a'>0851706452 (pbk)</subfield></datafield><datafield ind1=' ' ind2=' ' tag='035'><subfield code='a'>(PPT)b18036971-01tuli_inst</subfield></datafield><datafield ind1=' ' ind2=' ' tag='035'><subfield code='a'>(CStRLIN)ocn481977882</subfield><subfield code='9'>ExL</subfield></datafield><datafield ind1=' ' ind2=' ' tag='035'><subfield code='a'>PATG98-B05479</subfield></datafield><datafield ind1=' ' ind2=' ' tag='035'><subfield code='a'>ocm37976412</subfield></datafield><datafield ind1=' ' ind2=' ' tag='035'><subfield code='a'>(OCLC)ocm37976412</subfield></datafield><datafield ind1=' ' ind2=' ' tag='040'><subfield code='a'>UKM</subfield><subfield code='c'>UKM</subfield><subfield code='d'>PPT</subfield></datafield><datafield ind1=' ' ind2=' ' tag='079'><subfield code='a'>ocm37976412</subfield></datafield><datafield ind1=' ' ind2=' ' tag='090'><subfield code='a'>PN1997.C183R635x 1997</subfield></datafield><datafield ind1='1' ind2=' ' tag='100'><subfield code='a'>Robinson, David,</subfield><subfield code='d'>1930-</subfield></datafield><datafield ind1='1' ind2='4' tag='245'><subfield code='a'>Das Cabinet des Dr. Caligari /</subfield><subfield code='c'>David Robinson.</subfield></datafield><datafield ind1=' ' ind2=' ' tag='260'><subfield code='a'>London :</subfield><subfield code='b'>British Film Institute,</subfield><subfield code='c'>1997.</subfield></datafield><datafield ind1=' ' ind2=' ' tag='300'><subfield code='a'>79 p. :</subfield><subfield code='b'>ill., facsims., ports. ;</subfield><subfield code='c'>19 cm.</subfield></datafield><datafield ind1=' ' ind2='0' tag='440'><subfield code='a'>BFI film classics</subfield></datafield><datafield ind1=' ' ind2=' ' tag='504'><subfield code='a'>Includes bibliographic references.</subfield></datafield><datafield ind1='0' ind2='0' tag='630'><subfield code='a'>Cabinet des Dr. Caligari (Motion picture)</subfield></datafield><datafield ind1=' ' ind2='0' tag='650'><subfield code='a'>Motion picture plays</subfield><subfield code='x'>History and criticism.</subfield></datafield><datafield ind1=' ' ind2=' ' tag='902'><subfield code='a'>110512</subfield></datafield><datafield ind1=' ' ind2=' ' tag='907'><subfield code='a'>.b18036971</subfield><subfield code='b'>p    </subfield><subfield code='c'>-</subfield></datafield><datafield ind1=' ' ind2=' ' tag='935'><subfield code='a'>00873774</subfield></datafield><datafield ind1=' ' ind2=' ' tag='945'><subfield code='l'>pstk </subfield><subfield code='g'>1</subfield></datafield><datafield ind1=' ' ind2=' ' tag='950'><subfield code='l'>P</subfield><subfield code='i'>05/01/98 N</subfield></datafield><datafield ind1=' ' ind2=' ' tag='955'><subfield code='l'>P</subfield><subfield code='c'>0</subfield><subfield code='r'>39074011637329</subfield><subfield code='i'>05/01/98 C</subfield></datafield><datafield ind1=' ' ind2=' ' tag='979'><subfield code='a'>ocm37976412</subfield></datafield><datafield ind1=' ' ind2=' ' tag='998'><subfield code='b'>1</subfield><subfield code='c'>990101</subfield><subfield code='d'>m</subfield><subfield code='e'>a</subfield><subfield code='f'>-</subfield><subfield code='g'>4</subfield></datafield><datafield ind1=' ' ind2=' ' tag='998'><subfield code='a'>05/01/98</subfield><subfield code='t'>c</subfield><subfield code='s'>9115</subfield><subfield code='l'>PATG</subfield><subfield code='n'>PPT</subfield><subfield code='w'>NYCGAMW2813B</subfield><subfield code='d'>05/01/98</subfield><subfield code='c'>NP</subfield><subfield code='b'>DH</subfield></datafield><datafield ind1=' ' ind2=' ' tag='ADM'><subfield code='b'>2017-08-25 21:27:29</subfield><subfield code='e'>b18036971-01tuli_inst</subfield><subfield code='d'>ILS</subfield><subfield code='a'>2017-06-20 12:02:40</subfield><subfield code='c'>false</subfield></datafield><datafield ind1='0' ind2=' ' tag='HLD'><subfield code='b'>MAIN</subfield><subfield code='c'>stacks</subfield><subfield code='h'>PN1997.C183R635x 1997</subfield><subfield code='8'>22315401460003811</subfield></datafield><datafield ind1=' ' ind2=' ' tag='ITM'><subfield code='r'>22315401460003811</subfield><subfield code='b'>1</subfield><subfield code='h'>0</subfield><subfield code='g'>stacks</subfield><subfield code='t'>BOOK</subfield><subfield code='9'>39074011637329</subfield><subfield code='e'>stacks</subfield><subfield code='8'>23315401450003811</subfield><subfield code='a'>0</subfield><subfield code='q'>2017-06-20 12:02:40</subfield><subfield code='i'>PN1997.C183R635x 1997</subfield><subfield code='d'>MAIN</subfield><subfield code='f'>MAIN</subfield></datafield></record>