
<record xmlns='http://www.loc.gov/MARC21/slim'><leader>01322nam a2200397 a 4500</leader><controlfield tag='005'>20170826033421.0</controlfield><controlfield tag='008'>000107s1999    nyua     bq   001 0deng  </controlfield><controlfield tag='001'>991011635389703811</controlfield><datafield ind1=' ' ind2=' ' tag='010'><subfield code='a'>98031104</subfield></datafield><datafield ind1=' ' ind2=' ' tag='020'><subfield code='a'>1571811966 (pbk : alk. paper)</subfield></datafield><datafield ind1=' ' ind2=' ' tag='020'><subfield code='a'>1571811567 (hc. : alk. paper)</subfield></datafield><datafield ind1=' ' ind2=' ' tag='035'><subfield code='a'>(PPT)b21070775-01tuli_inst</subfield></datafield><datafield ind1=' ' ind2=' ' tag='035'><subfield code='a'>(CStRLIN)ocn475735590</subfield><subfield code='9'>ExL</subfield></datafield><datafield ind1=' ' ind2=' ' tag='035'><subfield code='a'>PATG00-B420</subfield></datafield><datafield ind1=' ' ind2=' ' tag='035'><subfield code='a'>ocm39763741</subfield></datafield><datafield ind1=' ' ind2=' ' tag='035'><subfield code='a'>(OCLC)ocm39763741</subfield></datafield><datafield ind1=' ' ind2=' ' tag='040'><subfield code='a'>DLC</subfield><subfield code='c'>DLC</subfield><subfield code='d'>DLC</subfield></datafield><datafield ind1=' ' ind2=' ' tag='079'><subfield code='a'>ocm39763741</subfield></datafield><datafield ind1=' ' ind2=' ' tag='090'><subfield code='a'>PN1998.3.W545</subfield><subfield code='b'>J8613 1999</subfield></datafield><datafield ind1='1' ind2=' ' tag='100'><subfield code='a'>Jung, Uli.</subfield></datafield><datafield ind1='0' ind2='0' tag='240'><subfield code='a'>Robert Wiene.</subfield><subfield code='l'>English</subfield></datafield><datafield ind1='1' ind2='0' tag='245'><subfield code='a'>Beyond Caligari :</subfield><subfield code='b'>the films of Robert Wiene /</subfield><subfield code='c'>Uli Jung, Walter Schatzberg.</subfield></datafield><datafield ind1=' ' ind2=' ' tag='260'><subfield code='a'>New York :</subfield><subfield code='b'>Berghahn Books,</subfield><subfield code='c'>1999.</subfield></datafield><datafield ind1=' ' ind2=' ' tag='300'><subfield code='a'>xv, 238 p. :</subfield><subfield code='b'>ill. ;</subfield><subfield code='c'>22 cm.</subfield></datafield><datafield ind1=' ' ind2=' ' tag='504'><subfield code='a'>Filmography: p. [192]-223.</subfield></datafield><datafield ind1=' ' ind2=' ' tag='504'><subfield code='a'>Includes bibliographical references (p. [224]-231) and index.</subfield></datafield><datafield ind1='1' ind2='0' tag='600'><subfield code='a'>Wiene, Robert</subfield><subfield code='x'>Criticism and interpretation.</subfield></datafield><datafield ind1='1' ind2=' ' tag='700'><subfield code='a'>Schatzberg, Walter.</subfield></datafield><datafield ind1=' ' ind2='1' tag='901'><subfield code='i'>39074014319669</subfield><subfield code='l'>pstk</subfield><subfield code='a'>PN1998.3.W545</subfield><subfield code='b'>J8613 1999</subfield><subfield code='s'>-</subfield><subfield code='t'>0</subfield><subfield code='z'>090</subfield></datafield><datafield ind1=' ' ind2=' ' tag='902'><subfield code='a'>110512</subfield></datafield><datafield ind1=' ' ind2=' ' tag='907'><subfield code='a'>.b21070775</subfield><subfield code='b'>p    </subfield><subfield code='c'>-</subfield></datafield><datafield ind1=' ' ind2=' ' tag='945'><subfield code='l'>pstk </subfield><subfield code='g'>1</subfield></datafield><datafield ind1=' ' ind2=' ' tag='950'><subfield code='l'>P</subfield></datafield><datafield ind1=' ' ind2=' ' tag='979'><subfield code='a'>ocm39763741</subfield></datafield><datafield ind1=' ' ind2=' ' tag='998'><subfield code='b'>1</subfield><subfield code='c'>000110</subfield><subfield code='d'>m</subfield><subfield code='e'>a</subfield><subfield code='f'>-</subfield><subfield code='g'>0</subfield></datafield><datafield ind1=' ' ind2=' ' tag='998'><subfield code='a'>01/07/00</subfield><subfield code='t'>c</subfield><subfield code='s'>9110</subfield><subfield code='l'>PATG</subfield><subfield code='n'>PPT</subfield><subfield code='w'>DCLC9831104B</subfield><subfield code='d'>01/07/00</subfield><subfield code='b'>YL</subfield></datafield><datafield ind1=' ' ind2=' ' tag='ADM'><subfield code='b'>2018-01-13 08:45:03</subfield><subfield code='e'>b21070775-01tuli_inst</subfield><subfield code='d'>ILS</subfield><subfield code='a'>2017-06-20 09:32:40</subfield><subfield code='c'>false</subfield></datafield><datafield ind1='0' ind2=' ' tag='HLD'><subfield code='b'>MAIN</subfield><subfield code='c'>stacks</subfield><subfield code='h'>PN1998.3.W545</subfield><subfield code='i'>J8613 1999</subfield><subfield code='8'>22294910070003811</subfield></datafield><datafield ind1=' ' ind2=' ' tag='ITM'><subfield code='r'>22294910070003811</subfield><subfield code='b'>1</subfield><subfield code='h'>0</subfield><subfield code='g'>stacks</subfield><subfield code='t'>BOOK</subfield><subfield code='9'>39074014319669</subfield><subfield code='e'>stacks</subfield><subfield code='8'>23294910060003811</subfield><subfield code='a'>0</subfield><subfield code='q'>2017-06-20 09:32:40</subfield><subfield code='i'>PN1998.3.W545 J8613 1999</subfield><subfield code='d'>MAIN</subfield><subfield code='f'>MAIN</subfield></datafield></record>