
<record xmlns='http://www.loc.gov/MARC21/slim'><leader>02046ngm a22004693a 4500</leader><controlfield tag='005'>20180315191258.0</controlfield><controlfield tag='006'>m|||||o||c||||||||</controlfield><controlfield tag='007'>cr |z||||||||a</controlfield><controlfield tag='007'>vz||zazu|</controlfield><controlfield tag='008'>140404s1923    nyu003 g      o   v|eng d</controlfield><controlfield tag='001'>991020798759703811</controlfield><datafield ind1=' ' ind2=' ' tag='035'><subfield code='a'>(PPT)b60927847-01tuli_inst</subfield></datafield><datafield ind1=' ' ind2=' ' tag='035'><subfield code='a'>(VaAlASP)ASP2064004/silf</subfield><subfield code='9'>ExL</subfield></datafield><datafield ind1=' ' ind2=' ' tag='035'><subfield code='a'>(OCoLC)881550747</subfield></datafield><datafield ind1=' ' ind2=' ' tag='040'><subfield code='a'>VaAlASP</subfield><subfield code='c'>VaAlASP</subfield></datafield><datafield ind1='0' ind2='0' tag='245'><subfield code='a'>I.N.R.I.</subfield><subfield code='h'>[electronic resource] :</subfield><subfield code='b'>behind-the-scenes with Robert Wiene on the set /</subfield><subfield code='c'>produced by Neumann-Filmproduktion.</subfield></datafield><datafield ind1='3' ind2=' ' tag='246'><subfield code='a'>The cabinet of Dr. Caligari :</subfield><subfield code='b'>behind-the-scenes with Robert Wiene on the set of I.N.R.I.</subfield></datafield><datafield ind1=' ' ind2=' ' tag='260'><subfield code='a'>New York :</subfield><subfield code='b'>Kino Lorber, Inc.,</subfield><subfield code='c'>1923.</subfield></datafield><datafield ind1=' ' ind2=' ' tag='300'><subfield code='a'>1 online resource (3 min.).</subfield></datafield><datafield ind1=' ' ind2=' ' tag='306'><subfield code='a'>000243</subfield></datafield><datafield ind1='0' ind2=' ' tag='490'><subfield code='a'>Silent film online</subfield></datafield><datafield ind1=' ' ind2=' ' tag='500'><subfield code='a'>Title from resource description page (viewed Apr. 4, 2014).</subfield></datafield><datafield ind1=' ' ind2=' ' tag='520'><subfield code='a'>This is behind-the-scenes footage of director Robert Wiene on the set of the 1923 film I.N.R.I.</subfield></datafield><datafield ind1=' ' ind2=' ' tag='530'><subfield code='a'>Previously released as DVD.</subfield></datafield><datafield ind1=' ' ind2=' ' tag='533'><subfield code='a'>Electronic reproduction.</subfield><subfield code='b'>Alexandria, VA :</subfield><subfield code='c'>Alexander Street Press,</subfield><subfield code='d'>2014.</subfield><subfield code='f'>(Silent film online).</subfield><subfield code='n'>Available via World Wide Web.</subfield></datafield><datafield ind1=' ' ind2=' ' tag='546'><subfield code='a'>This edition silent with English and German intertitles and musical background.</subfield></datafield><datafield ind1=' ' ind2=' ' tag='590'><subfield code='a'>Access is available to the Temple Community through use of a networked computer with a Temple IP address.</subfield></datafield><datafield ind1=' ' ind2='0' tag='650'><subfield code='a'>Motion pictures</subfield><subfield code='x'>Production and direction.</subfield></datafield><datafield ind1=' ' ind2='0' tag='650'><subfield code='a'>Silent films.</subfield></datafield><datafield ind1=' ' ind2='7' tag='655'><subfield code='a'>Documentary films.</subfield><subfield code='2'>lcgft</subfield></datafield><datafield ind1=' ' ind2='0' tag='655'><subfield code='a'>Streaming video.</subfield></datafield><datafield ind1='2' ind2=' ' tag='710'><subfield code='a'>Neumann-Filmproduktion.</subfield><subfield code='4'>pro</subfield></datafield><datafield ind1='2' ind2=' ' tag='710'><subfield code='a'>Alexander Street Press.</subfield></datafield><datafield ind1='1' ind2=' ' tag='776'><subfield code='c'>Original publisher catalog number</subfield><subfield code='o'>K254</subfield></datafield><datafield ind1='4' ind2='0' tag='856'><subfield code='z'>Access electronic resource.</subfield><subfield code='u'>http://libproxy.temple.edu/login?url=http://www.aspresolver.com/aspresolver.asp?SILF;2064004</subfield></datafield><datafield ind1=' ' ind2=' ' tag='902'><subfield code='a'>160308</subfield></datafield><datafield ind1=' ' ind2=' ' tag='902'><subfield code='a'>Silent Film Online 2016-03-04</subfield></datafield><datafield ind1=' ' ind2=' ' tag='907'><subfield code='a'>.b60927847</subfield><subfield code='b'>w    </subfield><subfield code='c'>-</subfield></datafield><datafield ind1=' ' ind2=' ' tag='910'><subfield code='a'>NK 2014-05-15</subfield></datafield><datafield ind1=' ' ind2=' ' tag='945'><subfield code='l'>w    </subfield><subfield code='g'>1</subfield></datafield><datafield ind1=' ' ind2=' ' tag='950'><subfield code='a'>FLMS</subfield><subfield code='b'>SILF</subfield><subfield code='c'>SILF-V1</subfield></datafield><datafield ind1=' ' ind2=' ' tag='998'><subfield code='b'>1</subfield><subfield code='c'>160312</subfield><subfield code='d'>m</subfield><subfield code='e'>2</subfield><subfield code='f'>-</subfield><subfield code='g'>0</subfield></datafield><datafield ind1=' ' ind2=' ' tag='ADM'><subfield code='b'>2018-03-15 23:12:58</subfield><subfield code='e'>b60927847-01tuli_inst</subfield><subfield code='d'>ILS</subfield><subfield code='a'>2017-06-20 11:18:59</subfield><subfield code='c'>false</subfield></datafield><datafield ind1=' ' ind2=' ' tag='PRT'><subfield code='a'>53382683350003811</subfield><subfield code='b'>https://sandbox01-na.alma.exlibrisgroup.com/view/uresolver/01TULI_INST/openurl?u.ignore_date_coverage=true&amp;rft.mms_id=991020798759703811</subfield><subfield code='f'>Access electronic resource.</subfield><subfield code='9'>Available</subfield><subfield code='d'>MAIN</subfield><subfield code='8'>53382683350003811</subfield></datafield></record>