
<record xmlns='http://www.loc.gov/MARC21/slim'><leader>01564pam a2200469 a 4500</leader><controlfield tag='005'>20170825233054.0</controlfield><controlfield tag='008'>031003s2004    njuaf    b    001 0 eng  </controlfield><controlfield tag='001'>991012072229703811</controlfield><datafield ind1=' ' ind2=' ' tag='010'><subfield code='a'>2003066416</subfield></datafield><datafield ind1=' ' ind2=' ' tag='020'><subfield code='a'>0691115192 (pbk. : alk. paper)</subfield></datafield><datafield ind1=' ' ind2=' ' tag='020'><subfield code='a'>0691115184 (hbk. : alk. paper)</subfield></datafield><datafield ind1=' ' ind2=' ' tag='035'><subfield code='a'>(PPT)b29937875-01tuli_inst</subfield></datafield><datafield ind1=' ' ind2=' ' tag='035'><subfield code='a'>(DLC)ocn491553591</subfield><subfield code='9'>ExL</subfield></datafield><datafield ind1=' ' ind2=' ' tag='035'><subfield code='a'>DLC  2003066416</subfield></datafield><datafield ind1=' ' ind2=' ' tag='035'><subfield code='a'>ocm53183393</subfield></datafield><datafield ind1=' ' ind2=' ' tag='035'><subfield code='a'>(OCLC)ocm53183393</subfield></datafield><datafield ind1=' ' ind2=' ' tag='040'><subfield code='a'>DLC</subfield><subfield code='c'>DLC</subfield><subfield code='d'>OrLoB</subfield></datafield><datafield ind1=' ' ind2=' ' tag='042'><subfield code='a'>pcc</subfield></datafield><datafield ind1=' ' ind2=' ' tag='043'><subfield code='a'>e-gx---</subfield></datafield><datafield ind1=' ' ind2=' ' tag='079'><subfield code='a'>ocm53183393</subfield></datafield><datafield ind1=' ' ind2=' ' tag='090'><subfield code='a'>PN1993.5.G3</subfield><subfield code='b'>K7 2004</subfield></datafield><datafield ind1='1' ind2=' ' tag='100'><subfield code='a'>Kracauer, Siegfried,</subfield><subfield code='d'>1889-1966.</subfield></datafield><datafield ind1='1' ind2='0' tag='245'><subfield code='a'>From Caligari to Hitler :</subfield><subfield code='b'>a psychological history of the German film /</subfield><subfield code='c'>by Siegfried Kracauer ; edited and introduced by Leonardo Quaresima.</subfield></datafield><datafield ind1=' ' ind2=' ' tag='250'><subfield code='a'>Rev. and expanded ed.</subfield></datafield><datafield ind1=' ' ind2=' ' tag='260'><subfield code='a'>Princeton, N.J. ;</subfield><subfield code='a'>Oxford :</subfield><subfield code='b'>Princeton University Press,</subfield><subfield code='c'>2004.</subfield></datafield><datafield ind1=' ' ind2=' ' tag='300'><subfield code='a'>lii, 348 p., [26] p. of plates :</subfield><subfield code='b'>ill. ;</subfield><subfield code='c'>24 cm.</subfield></datafield><datafield ind1=' ' ind2=' ' tag='504'><subfield code='a'>Includes bibliographical references (p. 315-332) and indexes.</subfield></datafield><datafield ind1=' ' ind2='0' tag='650'><subfield code='a'>Motion pictures</subfield><subfield code='z'>Germany</subfield><subfield code='x'>History.</subfield></datafield><datafield ind1=' ' ind2='0' tag='650'><subfield code='a'>Motion pictures</subfield><subfield code='z'>Germany</subfield><subfield code='x'>Psychological aspects.</subfield></datafield><datafield ind1=' ' ind2='0' tag='650'><subfield code='a'>National socialism and motion pictures.</subfield></datafield><datafield ind1='1' ind2=' ' tag='700'><subfield code='a'>Quaresima, Leonardo.</subfield></datafield><datafield ind1=' ' ind2=' ' tag='901'><subfield code='a'>BNA</subfield></datafield><datafield ind1=' ' ind2=' ' tag='901'><subfield code='a'>R1432447</subfield></datafield><datafield ind1=' ' ind2=' ' tag='902'><subfield code='a'>151006</subfield></datafield><datafield ind1=' ' ind2=' ' tag='902'><subfield code='a'>060301AF0701</subfield></datafield><datafield ind1=' ' ind2=' ' tag='907'><subfield code='a'>.b29937875</subfield><subfield code='b'>multi</subfield><subfield code='c'>-</subfield></datafield><datafield ind1=' ' ind2=' ' tag='915'><subfield code='a'>60098</subfield></datafield><datafield ind1=' ' ind2=' ' tag='945'><subfield code='l'>jtcas</subfield><subfield code='g'>1</subfield></datafield><datafield ind1=' ' ind2=' ' tag='945'><subfield code='l'>pstk </subfield><subfield code='g'>1</subfield></datafield><datafield ind1=' ' ind2=' ' tag='979'><subfield code='a'>ocm53183393</subfield></datafield><datafield ind1=' ' ind2=' ' tag='998'><subfield code='b'>3</subfield><subfield code='c'>060331</subfield><subfield code='d'>m</subfield><subfield code='e'>a</subfield><subfield code='f'>-</subfield><subfield code='g'>0</subfield></datafield><datafield ind1=' ' ind2=' ' tag='998'><subfield code='b'>0</subfield><subfield code='c'>060331</subfield><subfield code='d'>m</subfield><subfield code='e'>a</subfield><subfield code='f'>-</subfield><subfield code='g'>0</subfield></datafield><datafield ind1=' ' ind2=' ' tag='ADM'><subfield code='b'>2017-08-26 03:30:54</subfield><subfield code='e'>b29937875-01tuli_inst</subfield><subfield code='d'>ILS</subfield><subfield code='a'>2017-06-20 07:05:53</subfield><subfield code='c'>false</subfield></datafield><datafield ind1='0' ind2=' ' tag='HLD'><subfield code='b'>MAIN</subfield><subfield code='c'>stacks</subfield><subfield code='h'>PN1993.5.G3</subfield><subfield code='i'>K7 2004</subfield><subfield code='8'>22260750160003811</subfield></datafield><datafield ind1='0' ind2=' ' tag='HLD'><subfield code='b'>JAPAN</subfield><subfield code='c'>stacks</subfield><subfield code='h'>PN1993.5.G3</subfield><subfield code='i'>K7 2004</subfield><subfield code='8'>22260750180003811</subfield></datafield><datafield ind1=' ' ind2=' ' tag='ITM'><subfield code='r'>22260750160003811</subfield><subfield code='b'>1</subfield><subfield code='h'>0</subfield><subfield code='g'>stacks</subfield><subfield code='t'>BOOK</subfield><subfield code='9'>39074018552133</subfield><subfield code='e'>stacks</subfield><subfield code='8'>23260750150003811</subfield><subfield code='a'>0</subfield><subfield code='q'>2017-06-20 07:05:53</subfield><subfield code='i'>PN1993.5.G3 K7 2004</subfield><subfield code='d'>MAIN</subfield><subfield code='f'>MAIN</subfield></datafield><datafield ind1=' ' ind2=' ' tag='ITM'><subfield code='r'>22260750180003811</subfield><subfield code='b'>1</subfield><subfield code='h'>0</subfield><subfield code='g'>stacks</subfield><subfield code='t'>BOOK</subfield><subfield code='9'>31982060241058</subfield><subfield code='e'>stacks</subfield><subfield code='8'>23260750170003811</subfield><subfield code='a'>0</subfield><subfield code='q'>2017-06-20 07:05:53</subfield><subfield code='i'>PN1993.5.G3 K7 2004</subfield><subfield code='d'>JAPAN</subfield><subfield code='f'>JAPAN</subfield></datafield></record>