
<record xmlns='http://www.loc.gov/MARC21/slim'><leader>01965cam a22005530  4500</leader><controlfield tag='008'>801021s1947    njua     b    00110 eng d</controlfield><controlfield tag='005'>20170826002858.0</controlfield><controlfield tag='001'>991008371129703811</controlfield><datafield ind1=' ' ind2=' ' tag='010'><subfield code='a'>47004412</subfield></datafield><datafield ind1=' ' ind2=' ' tag='020'><subfield code='a'>0691025053 (pbk)</subfield></datafield><datafield ind1=' ' ind2=' ' tag='035'><subfield code='a'>(PPT)b1171329x-01tuli_inst</subfield></datafield><datafield ind1=' ' ind2=' ' tag='035'><subfield code='a'>ocn469864333</subfield><subfield code='9'>ExL</subfield></datafield><datafield ind1=' ' ind2=' ' tag='035'><subfield code='a'>PATG06845707B</subfield></datafield><datafield ind1=' ' ind2=' ' tag='035'><subfield code='a'>ocn223333185</subfield></datafield><datafield ind1=' ' ind2=' ' tag='035'><subfield code='a'>(OCLC)ocn223333185</subfield></datafield><datafield ind1=' ' ind2=' ' tag='040'><subfield code='a'>RETROCON/NYGG (YSM)</subfield><subfield code='c'>NSbSU</subfield><subfield code='d'>m.c.</subfield><subfield code='d'>PPT</subfield><subfield code='d'>CStRLIN</subfield></datafield><datafield ind1=' ' ind2=' ' tag='079'><subfield code='a'>ocn223333185</subfield></datafield><datafield ind1=' ' ind2=' ' tag='090'><subfield code='a'>PN1993.5.G3K7</subfield></datafield><datafield ind1='1' ind2='0' tag='100'><subfield code='a'>Kracauer, Siegfried,</subfield><subfield code='d'>1889-1966.</subfield></datafield><datafield ind1='1' ind2='0' tag='245'><subfield code='a'>From Caligari to Hitler;</subfield><subfield code='b'>a psychological history of the German film.</subfield></datafield><datafield ind1=' ' ind2=' ' tag='260'><subfield code='a'>[Princeton, N.J.] :</subfield><subfield code='b'>Princeton University Press,</subfield><subfield code='c'>c1947.</subfield></datafield><datafield ind1=' ' ind2=' ' tag='300'><subfield code='a'>361 p., [32] p. of plates :</subfield><subfield code='b'>ill. ;</subfield><subfield code='c'>21 cm.</subfield></datafield><datafield ind1=' ' ind2=' ' tag='500'><subfield code='a'>Includes as supplement (p. [273]-331) &quot;Propaganda and the Nazi war film&quot; which, with a few changes, is a reprint of the author&apos;s pamphlet of the same title issued in 1942 by the Museum of Modern Art Film Library.</subfield></datafield><datafield ind1=' ' ind2=' ' tag='500'><subfield code='a'>Includes index.</subfield></datafield><datafield ind1=' ' ind2=' ' tag='504'><subfield code='a'>Bibliography: p. 333-346.9</subfield></datafield><datafield ind1=' ' ind2='0' tag='650'><subfield code='a'>Motion pictures</subfield><subfield code='z'>Germany.</subfield></datafield><datafield ind1=' ' ind2='0' tag='650'><subfield code='a'>Motion picture plays</subfield><subfield code='x'>History and criticism.</subfield></datafield><datafield ind1='0' ind2='1' tag='740'><subfield code='a'>Propaganda and the Nazi war film.</subfield></datafield><datafield ind1=' ' ind2=' ' tag='902'><subfield code='a'>140509</subfield></datafield><datafield ind1=' ' ind2=' ' tag='907'><subfield code='a'>.b1171329x</subfield><subfield code='b'>multi</subfield><subfield code='c'>-</subfield></datafield><datafield ind1=' ' ind2=' ' tag='935'><subfield code='a'>00183828</subfield></datafield><datafield ind1=' ' ind2=' ' tag='945'><subfield code='l'>astk </subfield><subfield code='g'>1</subfield></datafield><datafield ind1=' ' ind2=' ' tag='945'><subfield code='l'>pstk </subfield><subfield code='g'>1</subfield></datafield><datafield ind1=' ' ind2=' ' tag='945'><subfield code='l'>pstk </subfield><subfield code='g'>1</subfield></datafield><datafield ind1=' ' ind2=' ' tag='945'><subfield code='l'>pstk </subfield><subfield code='g'>1</subfield></datafield><datafield ind1=' ' ind2=' ' tag='945'><subfield code='l'>pstk </subfield><subfield code='g'>1</subfield></datafield><datafield ind1=' ' ind2=' ' tag='945'><subfield code='l'>pstk </subfield><subfield code='g'>1</subfield></datafield><datafield ind1=' ' ind2=' ' tag='950'><subfield code='l'>P</subfield><subfield code='i'>10/24/88 N</subfield><subfield code='h'>01/01/01 N</subfield></datafield><datafield ind1=' ' ind2=' ' tag='950'><subfield code='l'>AMB</subfield><subfield code='i'>10/24/88 N  75:SL</subfield></datafield><datafield ind1=' ' ind2=' ' tag='950'><subfield code='l'>TUCC</subfield><subfield code='i'>10/24/88 D  835:SL</subfield></datafield><datafield ind1=' ' ind2=' ' tag='950'><subfield code='l'>TYL</subfield><subfield code='i'>10/24/88 N  855:SL</subfield><subfield code='h'>01/01/01 N</subfield></datafield><datafield ind1=' ' ind2=' ' tag='955'><subfield code='l'>P</subfield><subfield code='c'>0</subfield><subfield code='h'>06/29/84 C</subfield></datafield><datafield ind1=' ' ind2=' ' tag='955'><subfield code='l'>P</subfield><subfield code='c'>0</subfield><subfield code='i'>10/24/88 C</subfield></datafield><datafield ind1=' ' ind2=' ' tag='955'><subfield code='l'>AMB</subfield><subfield code='c'>0</subfield><subfield code='i'>10/24/88 C</subfield></datafield><datafield ind1=' ' ind2=' ' tag='955'><subfield code='l'>TUCC</subfield><subfield code='c'>0</subfield><subfield code='i'>10/24/88 C</subfield></datafield><datafield ind1=' ' ind2=' ' tag='955'><subfield code='l'>TYL</subfield><subfield code='c'>0</subfield><subfield code='h'>06/29/84 C</subfield></datafield><datafield ind1=' ' ind2=' ' tag='979'><subfield code='a'>ocn223333185</subfield></datafield><datafield ind1=' ' ind2=' ' tag='998'><subfield code='b'>6</subfield><subfield code='c'>990101</subfield><subfield code='d'>m</subfield><subfield code='e'>a</subfield><subfield code='f'>-</subfield><subfield code='g'>0</subfield></datafield><datafield ind1=' ' ind2=' ' tag='998'><subfield code='a'>10/24/88</subfield><subfield code='t'>b</subfield><subfield code='s'>9115</subfield><subfield code='n'>PPT</subfield><subfield code='w'>MIUG19145632B</subfield><subfield code='d'>05/25/83</subfield><subfield code='c'>HC</subfield><subfield code='b'>RF</subfield><subfield code='i'>881024</subfield><subfield code='h'>840703</subfield><subfield code='h'>840629</subfield><subfield code='l'>PATG</subfield></datafield><datafield ind1=' ' ind2=' ' tag='ADM'><subfield code='b'>2017-08-26 04:28:58</subfield><subfield code='e'>b1171329x-01tuli_inst</subfield><subfield code='d'>ILS</subfield><subfield code='a'>2017-06-20 05:59:19</subfield><subfield code='c'>false</subfield></datafield><datafield ind1='0' ind2=' ' tag='HLD'><subfield code='b'>AMBLER</subfield><subfield code='c'>stacks</subfield><subfield code='h'>PN1993.5.G3K7</subfield><subfield code='8'>22239206600003811</subfield></datafield><datafield ind1='0' ind2=' ' tag='HLD'><subfield code='b'>MAIN</subfield><subfield code='c'>stacks</subfield><subfield code='h'>PN1993.5.G3K7</subfield><subfield code='8'>22239206670003811</subfield></datafield><datafield ind1=' ' ind2=' ' tag='ITM'><subfield code='r'>22239206600003811</subfield><subfield code='b'>1</subfield><subfield code='h'>0</subfield><subfield code='g'>stacks</subfield><subfield code='t'>BOOK</subfield><subfield code='9'>39074003059557</subfield><subfield code='e'>stacks</subfield><subfield code='8'>23239206590003811</subfield><subfield code='a'>0</subfield><subfield code='q'>2017-06-20 05:59:19</subfield><subfield code='i'>PN1993.5.G3K7</subfield><subfield code='d'>AMBLER</subfield><subfield code='f'>AMBLER</subfield></datafield><datafield ind1=' ' ind2=' ' tag='ITM'><subfield code='r'>22239206670003811</subfield><subfield code='b'>1</subfield><subfield code='h'>0</subfield><subfield code='g'>stacks</subfield><subfield code='t'>BOOK</subfield><subfield code='9'>39074009891748</subfield><subfield code='e'>stacks</subfield><subfield code='8'>23239206610003811</subfield><subfield code='a'>0</subfield><subfield code='q'>2017-06-20 05:59:19</subfield><subfield code='i'>PN1993.5.G3K7</subfield><subfield code='d'>MAIN</subfield><subfield code='f'>MAIN</subfield></datafield><datafield ind1=' ' ind2=' ' tag='ITM'><subfield code='r'>22239206670003811</subfield><subfield code='b'>1</subfield><subfield code='h'>0</subfield><subfield code='g'>stacks</subfield><subfield code='t'>BOOK</subfield><subfield code='9'>39074008462608</subfield><subfield code='e'>stacks</subfield><subfield code='8'>23239206620003811</subfield><subfield code='a'>0</subfield><subfield code='q'>2017-06-20 05:59:19</subfield><subfield code='i'>PN1993.5.G3K7</subfield><subfield code='d'>MAIN</subfield><subfield code='f'>MAIN</subfield></datafield><datafield ind1=' ' ind2=' ' tag='ITM'><subfield code='r'>22239206670003811</subfield><subfield code='b'>1</subfield><subfield code='h'>0</subfield><subfield code='g'>stacks</subfield><subfield code='t'>BOOK</subfield><subfield code='9'>39074001286947</subfield><subfield code='e'>stacks</subfield><subfield code='8'>23239206630003811</subfield><subfield code='a'>0</subfield><subfield code='q'>2017-06-20 05:59:19</subfield><subfield code='i'>PN1993.5.G3K7</subfield><subfield code='d'>MAIN</subfield><subfield code='f'>MAIN</subfield></datafield><datafield ind1=' ' ind2=' ' tag='ITM'><subfield code='r'>22239206670003811</subfield><subfield code='b'>1</subfield><subfield code='h'>0</subfield><subfield code='g'>stacks</subfield><subfield code='t'>BOOK</subfield><subfield code='9'>39074008378424</subfield><subfield code='e'>stacks</subfield><subfield code='8'>23239206640003811</subfield><subfield code='a'>0</subfield><subfield code='q'>2017-06-20 05:59:19</subfield><subfield code='i'>PN1993.5.G3K7</subfield><subfield code='d'>MAIN</subfield><subfield code='f'>MAIN</subfield></datafield><datafield ind1=' ' ind2=' ' tag='ITM'><subfield code='r'>22239206670003811</subfield><subfield code='b'>1</subfield><subfield code='h'>0</subfield><subfield code='g'>stacks</subfield><subfield code='t'>BOOK</subfield><subfield code='9'>39074001017862</subfield><subfield code='e'>stacks</subfield><subfield code='8'>23239206660003811</subfield><subfield code='a'>0</subfield><subfield code='q'>2017-06-20 05:59:19</subfield><subfield code='i'>PN1993.5.G3K7</subfield><subfield code='d'>MAIN</subfield><subfield code='f'>MAIN</subfield></datafield></record>