
<record xmlns='http://www.loc.gov/MARC21/slim'><leader>01032cam a22002411  4500</leader><controlfield tag='008'>731030r19471942njuf     b    00010 eng  </controlfield><controlfield tag='001'>991013416089703811</controlfield><datafield ind1=' ' ind2=' ' tag='035'><subfield code='a'>(PPT)b21509293-01tuli_inst</subfield></datafield><datafield ind1=' ' ind2=' ' tag='035'><subfield code='a'>47004412 //r87</subfield><subfield code='9'>ExL</subfield></datafield><datafield ind1=' ' ind2=' ' tag='043'><subfield code='a'>e-gx---</subfield></datafield><datafield ind1=' ' ind2=' ' tag='082'><subfield code='a'>791.4</subfield><subfield code='b'>KRA</subfield></datafield><datafield ind1='1' ind2='0' tag='100'><subfield code='a'>Kracauer, Siegfried,</subfield><subfield code='d'>1889-1966.</subfield></datafield><datafield ind1='1' ind2='0' tag='245'><subfield code='a'>From Caligari to Hitler,</subfield><subfield code='b'>a psychological history of the German film,</subfield><subfield code='c'>by Siegfried Kracauer.</subfield></datafield><datafield ind1=' ' ind2=' ' tag='260'><subfield code='a'>[Princeton, N.J.]</subfield><subfield code='b'>Princeton university press,</subfield><subfield code='c'>1947.</subfield></datafield><datafield ind1=' ' ind2=' ' tag='300'><subfield code='a'>xii, 361 p.</subfield><subfield code='b'>plates.</subfield><subfield code='c'>24 cm.</subfield></datafield><datafield ind1=' ' ind2=' ' tag='500'><subfield code='a'>Includes as supplement (p. [273]-331) &quot;Propaganda and the Nazi war film&quot; which, with a few changes, is a reprint of the author&apos;s pamphlet of the same title issued in 1942 by the Museum of modern art Film library. cf. p. [273]</subfield></datafield><datafield ind1=' ' ind2=' ' tag='504'><subfield code='a'>Bibliography: p. 333-346.</subfield></datafield><datafield ind1=' ' ind2='0' tag='650'><subfield code='a'>Motion pictures</subfield><subfield code='z'>Germany.</subfield></datafield><datafield ind1=' ' ind2='0' tag='650'><subfield code='a'>Motion picture plays</subfield><subfield code='x'>History and criticism.</subfield></datafield><datafield ind1='0' ind2='1' tag='740'><subfield code='a'>Propaganda and the Nazi war film.</subfield></datafield><datafield ind1=' ' ind2=' ' tag='907'><subfield code='a'>.b21509293</subfield><subfield code='b'>ir   </subfield><subfield code='c'>-</subfield></datafield><datafield ind1=' ' ind2=' ' tag='902'><subfield code='a'>151209</subfield></datafield><datafield ind1=' ' ind2=' ' tag='998'><subfield code='b'>1</subfield><subfield code='c'>000930</subfield><subfield code='d'>m</subfield><subfield code='e'>a</subfield><subfield code='f'>-</subfield><subfield code='g'>0</subfield></datafield><datafield ind1=' ' ind2=' ' tag='902'><subfield code='a'>MARCIVE RECON PROJECT</subfield></datafield><datafield ind1=' ' ind2=' ' tag='945'><subfield code='l'>irstk</subfield><subfield code='g'>1</subfield></datafield><datafield ind1=' ' ind2=' ' tag='ADM'><subfield code='e'>b21509293-01tuli_inst</subfield><subfield code='d'>ILS</subfield><subfield code='a'>2017-06-20 15:02:32</subfield><subfield code='c'>false</subfield></datafield><datafield ind1='1' ind2=' ' tag='HLD'><subfield code='b'>ROME</subfield><subfield code='c'>stacks</subfield><subfield code='h'>791.4</subfield><subfield code='i'>KRA</subfield><subfield code='8'>22335826620003811</subfield></datafield><datafield ind1=' ' ind2=' ' tag='ITM'><subfield code='r'>22335826620003811</subfield><subfield code='b'>1</subfield><subfield code='h'>1</subfield><subfield code='g'>stacks</subfield><subfield code='t'>BOOK</subfield><subfield code='9'>39074029548765</subfield><subfield code='e'>stacks</subfield><subfield code='8'>23335826610003811</subfield><subfield code='a'>0</subfield><subfield code='q'>2017-06-20 15:02:32</subfield><subfield code='i'>791.4 KRA</subfield><subfield code='d'>ROME</subfield><subfield code='f'>ROME</subfield></datafield></record>