
<record xmlns='http://www.loc.gov/MARC21/slim'><leader>02968cgm a2200553Ii 4500</leader><controlfield tag='005'>20180302101403.0</controlfield><controlfield tag='007'>vd mvaizu</controlfield><controlfield tag='008'>180124s2018    nyu118            vlger d</controlfield><controlfield tag='001'>991036861498303811</controlfield><datafield ind1='1' ind2=' ' tag='024'><subfield code='z'>738329227388</subfield></datafield><datafield ind1='4' ind2='2' tag='028'><subfield code='a'>K22738</subfield><subfield code='b'>Kino Lorber</subfield></datafield><datafield ind1=' ' ind2=' ' tag='035'><subfield code='a'>(OCoLC)1024162251</subfield></datafield><datafield ind1=' ' ind2=' ' tag='040'><subfield code='a'>ISM</subfield><subfield code='b'>eng</subfield><subfield code='e'>rda</subfield><subfield code='c'>ISM</subfield><subfield code='d'>TEF</subfield></datafield><datafield ind1='1' ind2=' ' tag='041'><subfield code='a'>ger</subfield><subfield code='a'>eng</subfield><subfield code='h'>ger</subfield></datafield><datafield ind1='1' ind2='4' tag='050'><subfield code='a'>PN1993.5.G3</subfield><subfield code='b'>F766 2018</subfield></datafield><datafield ind1='0' ind2='4' tag='082'><subfield code='a'>791.4309</subfield><subfield code='2'>23</subfield></datafield><datafield ind1='0' ind2='0' tag='245'><subfield code='a'>From Caligari to Hitler /</subfield><subfield code='c'>Looks Filmproduktionen in Kooperation mit der Friedrich Wilhelm Murnau Stiftung ; Buch und Regie Rüdiger Suchsland.</subfield></datafield><datafield ind1=' ' ind2='1' tag='264'><subfield code='a'>New York :</subfield><subfield code='b'>Kino Lorber,</subfield><subfield code='c'>2018.</subfield></datafield><datafield ind1=' ' ind2=' ' tag='300'><subfield code='a'>1 videodisc (118 min.) :</subfield><subfield code='b'>sound, black and white and color ;</subfield><subfield code='c'>4 3/4 in.</subfield></datafield><datafield ind1=' ' ind2=' ' tag='336'><subfield code='a'>two-dimensional moving image</subfield><subfield code='b'>tdi</subfield><subfield code='2'>rdacontent</subfield></datafield><datafield ind1=' ' ind2=' ' tag='337'><subfield code='a'>video</subfield><subfield code='b'>v</subfield><subfield code='2'>rdamedia</subfield></datafield><datafield ind1=' ' ind2=' ' tag='338'><subfield code='a'>videodisc</subfield><subfield code='b'>vd</subfield><subfield code='2'>rdacarrier</subfield></datafield><datafield ind1=' ' ind2=' ' tag='344'><subfield code='a'>digital</subfield><subfield code='b'>optical</subfield><subfield code='g'>stereo</subfield><subfield code='2'>rda</subfield></datafield><datafield ind1=' ' ind2=' ' tag='347'><subfield code='a'>video file</subfield><subfield code='b'>DVD video</subfield><subfield code='2'>rda</subfield></datafield><datafield ind1=' ' ind2=' ' tag='380'><subfield code='a'>Documentary films.</subfield><subfield code='2'>lcgft</subfield></datafield><datafield ind1=' ' ind2=' ' tag='538'><subfield code='a'>DVD, wide screen (1.78:1, 16x9); 2.0 stereo.</subfield></datafield><datafield ind1=' ' ind2=' ' tag='546'><subfield code='a'>Dialogue in German and English with English subtitles.</subfield></datafield><datafield ind1=' ' ind2=' ' tag='508'><subfield code='a'>Cinematographers, Frank Reimann, Harald Schmuck ; editor, Katja Dringenberg ; music, Henrik Albrecht, Michael Hartmann.</subfield></datafield><datafield ind1=' ' ind2=' ' tag='500'><subfield code='a'>Based on the book &quot;From Caligari to Hitler&quot; by Siegfried Kracauer.</subfield></datafield><datafield ind1=' ' ind2=' ' tag='500'><subfield code='a'>&quot;German cinema in the age of the masses&quot;--Subtitle on container.</subfield></datafield><datafield ind1=' ' ind2=' ' tag='500'><subfield code='a'>Wide screen (1.78:1, 16x9).</subfield></datafield><datafield ind1=' ' ind2=' ' tag='520'><subfield code='a'>Using a montage of footage from the highest quality restorations, Suchsland illustrates Siegfried Kracauer&apos;s 1947 thesis that the rise of Nazism is anticipated in many themes found throughout Weimar cinema, while situating Kracauer in the philosophy and histories of the time. Looking at films like &quot;Dr. Mabuse, the Gambler,&quot; &quot;Metropolis,&quot; &quot;The Golem,&quot; and many others, Suchsland tracks the concept of the charismatic villain bewitching the people.</subfield></datafield><datafield ind1=' ' ind2='0' tag='650'><subfield code='a'>Motion pictures</subfield><subfield code='z'>Germany</subfield><subfield code='x'>History.</subfield></datafield><datafield ind1=' ' ind2='0' tag='650'><subfield code='a'>Motion pictures</subfield><subfield code='z'>Germany</subfield><subfield code='x'>Psychological aspects.</subfield></datafield><datafield ind1=' ' ind2='0' tag='650'><subfield code='a'>National socialism and motion pictures.</subfield></datafield><datafield ind1=' ' ind2='7' tag='650'><subfield code='a'>Motion pictures.</subfield><subfield code='2'>fast</subfield><subfield code='0'>(OCoLC)fst01027285</subfield></datafield><datafield ind1=' ' ind2='7' tag='650'><subfield code='a'>Motion pictures</subfield><subfield code='x'>Psychological aspects.</subfield><subfield code='2'>fast</subfield><subfield code='0'>(OCoLC)fst01027364</subfield></datafield><datafield ind1=' ' ind2='7' tag='650'><subfield code='a'>National socialism and motion pictures.</subfield><subfield code='2'>fast</subfield><subfield code='0'>(OCoLC)fst01033798</subfield></datafield><datafield ind1=' ' ind2='7' tag='651'><subfield code='a'>Germany.</subfield><subfield code='2'>fast</subfield><subfield code='0'>(OCoLC)fst01210272</subfield></datafield><datafield ind1=' ' ind2='7' tag='655'><subfield code='a'>Criticism, interpretation, etc.</subfield><subfield code='2'>fast</subfield><subfield code='0'>(OCoLC)fst01411635</subfield></datafield><datafield ind1=' ' ind2='7' tag='655'><subfield code='a'>Documentary films.</subfield><subfield code='2'>fast</subfield><subfield code='0'>(OCoLC)fst01710390</subfield></datafield><datafield ind1=' ' ind2='7' tag='655'><subfield code='a'>Nonfiction films.</subfield><subfield code='2'>fast</subfield><subfield code='0'>(OCoLC)fst01710269</subfield></datafield><datafield ind1=' ' ind2='7' tag='655'><subfield code='a'>Documentary films.</subfield><subfield code='2'>lcgft</subfield></datafield><datafield ind1=' ' ind2='7' tag='655'><subfield code='a'>Nonfiction films.</subfield><subfield code='2'>lcgft</subfield></datafield><datafield ind1='1' ind2=' ' tag='700'><subfield code='a'>Suchsland, Rüdiger,</subfield><subfield code='e'>writer,</subfield><subfield code='e'>director.</subfield></datafield><datafield ind1='1' ind2=' ' tag='700'><subfield code='i'>Motion picture adaptation of (work) :</subfield><subfield code='a'>Kracauer, Siegfried,</subfield><subfield code='d'>1889-1966.</subfield><subfield code='t'>From Caligari to Hitler.</subfield><subfield code='l'>German.</subfield></datafield><datafield ind1='2' ind2=' ' tag='710'><subfield code='a'>Kino Lorber, Inc.,</subfield><subfield code='e'>publisher.</subfield></datafield><datafield ind1=' ' ind2=' ' tag='979'><subfield code='a'>(OCoLC)1024162251</subfield></datafield><datafield ind1=' ' ind2=' ' tag='997'><subfield code='a'>20180213162229.0</subfield><subfield code='c'>CEP</subfield><subfield code='d'>TEU</subfield><subfield code='s'>OCLC</subfield><subfield code='e'>MARCIVE</subfield><subfield code='e'>WCAT</subfield></datafield><datafield ind1='0' ind2=' ' tag='HLD'><subfield code='b'>MEDIA</subfield><subfield code='c'>media</subfield><subfield code='h'>PN1993.5.G3</subfield><subfield code='i'>F766 2018</subfield><subfield code='8'>22407505860003811</subfield></datafield><datafield ind1=' ' ind2=' ' tag='ITM'><subfield code='b'>1</subfield><subfield code='h'>0</subfield><subfield code='g'>media</subfield><subfield code='9'>39074029732823</subfield><subfield code='e'>media</subfield><subfield code='8'>23407505850003811</subfield><subfield code='a'>5</subfield><subfield code='q'>2018-01-19 17:39:20</subfield><subfield code='i'>PN1993.5.G3 F766 2018</subfield><subfield code='d'>MEDIA</subfield><subfield code='r'>2018-05-07 18:32:37</subfield><subfield code='f'>MEDIA</subfield></datafield></record>