
<record xmlns='http://www.loc.gov/MARC21/slim'><leader>01460pam a22004570  4500</leader><controlfield tag='005'>20180315163649.0</controlfield><controlfield tag='008'>760630s1976    maua     b    00110 eng  </controlfield><controlfield tag='001'>991004191569703811</controlfield><datafield ind1=' ' ind2=' ' tag='010'><subfield code='a'>75027222</subfield></datafield><datafield ind1=' ' ind2=' ' tag='020'><subfield code='a'>0821206206</subfield></datafield><datafield ind1=' ' ind2=' ' tag='035'><subfield code='a'>(PPT)b1087513x-01tuli_inst</subfield></datafield><datafield ind1=' ' ind2=' ' tag='035'><subfield code='a'>ocn469410981</subfield><subfield code='9'>ExL</subfield></datafield><datafield ind1=' ' ind2=' ' tag='035'><subfield code='a'>PATG02330871B</subfield></datafield><datafield ind1=' ' ind2=' ' tag='035'><subfield code='a'>ocm02330871</subfield></datafield><datafield ind1=' ' ind2=' ' tag='035'><subfield code='a'>(OCLC)ocm02330871</subfield></datafield><datafield ind1=' ' ind2=' ' tag='040'><subfield code='a'>DLC</subfield><subfield code='c'>DLC</subfield><subfield code='d'>PPT</subfield></datafield><datafield ind1='1' ind2=' ' tag='041'><subfield code='a'>engfre</subfield></datafield><datafield ind1=' ' ind2=' ' tag='079'><subfield code='a'>ocm02330871</subfield></datafield><datafield ind1=' ' ind2=' ' tag='090'><subfield code='a'>PN1995.9.S4B3413 1976</subfield></datafield><datafield ind1='1' ind2='0' tag='100'><subfield code='a'>Barsacq, Léon,</subfield><subfield code='d'>1906-1969.</subfield></datafield><datafield ind1='1' ind2='0' tag='245'><subfield code='a'>Caligari&apos;s cabinet and other grand illusions :</subfield><subfield code='b'>a history of film design /</subfield><subfield code='c'>Léon Barsacq ; [translated by Michael Bullock] ; foreword by René Clair.</subfield></datafield><datafield ind1=' ' ind2=' ' tag='250'><subfield code='a'>1st English language ed. /</subfield><subfield code='b'>rev. and edited by Elliott Stein.</subfield></datafield><datafield ind1=' ' ind2=' ' tag='260'><subfield code='a'>Boston :</subfield><subfield code='b'>New York Graphic Society,</subfield><subfield code='c'>c1976.</subfield></datafield><datafield ind1=' ' ind2=' ' tag='300'><subfield code='a'>vii, 264 p. :</subfield><subfield code='b'>ill. ;</subfield><subfield code='c'>29 cm.</subfield></datafield><datafield ind1=' ' ind2=' ' tag='500'><subfield code='a'>Includes index.</subfield></datafield><datafield ind1=' ' ind2=' ' tag='504'><subfield code='a'>Bibliography: p. 251-253.</subfield></datafield><datafield ind1=' ' ind2='0' tag='650'><subfield code='a'>Motion pictures</subfield><subfield code='x'>Setting and scenery</subfield><subfield code='x'>History.</subfield></datafield><datafield ind1=' ' ind2=' ' tag='907'><subfield code='a'>.b1087513x</subfield><subfield code='b'>multi</subfield><subfield code='c'>-</subfield></datafield><datafield ind1=' ' ind2=' ' tag='935'><subfield code='a'>00093009</subfield></datafield><datafield ind1=' ' ind2=' ' tag='945'><subfield code='l'>astk </subfield><subfield code='g'>1</subfield></datafield><datafield ind1=' ' ind2=' ' tag='945'><subfield code='l'>kstk </subfield><subfield code='g'>1</subfield></datafield><datafield ind1=' ' ind2=' ' tag='945'><subfield code='l'>pstk </subfield><subfield code='g'>1</subfield></datafield><datafield ind1=' ' ind2=' ' tag='950'><subfield code='l'>AMB</subfield><subfield code='x'>70</subfield><subfield code='i'>01/01/01 N</subfield></datafield><datafield ind1=' ' ind2=' ' tag='950'><subfield code='l'>TYL</subfield><subfield code='x'>850</subfield><subfield code='i'>01/01/01 N</subfield></datafield><datafield ind1=' ' ind2=' ' tag='950'><subfield code='l'>P</subfield><subfield code='x'>1</subfield><subfield code='i'>01/01/01 N</subfield></datafield><datafield ind1=' ' ind2=' ' tag='955'><subfield code='c'>-</subfield><subfield code='u'>a=1162344   mu7904</subfield></datafield><datafield ind1=' ' ind2=' ' tag='955'><subfield code='c'>-</subfield><subfield code='u'>a=1097926   ry7701</subfield></datafield><datafield ind1=' ' ind2=' ' tag='955'><subfield code='c'>-</subfield><subfield code='u'>a=1097458   cf7702</subfield></datafield><datafield ind1=' ' ind2=' ' tag='979'><subfield code='a'>ocm02330871</subfield></datafield><datafield ind1=' ' ind2=' ' tag='998'><subfield code='b'>3</subfield><subfield code='c'>990101</subfield><subfield code='d'>m</subfield><subfield code='e'>a</subfield><subfield code='f'>-</subfield><subfield code='g'>0</subfield></datafield><datafield ind1=' ' ind2=' ' tag='998'><subfield code='n'>PPT</subfield><subfield code='s'>9665</subfield></datafield><datafield ind1=' ' ind2=' ' tag='ADM'><subfield code='b'>2018-03-15 20:36:49</subfield><subfield code='e'>b1087513x-01tuli_inst</subfield><subfield code='d'>ILS</subfield><subfield code='a'>2017-06-20 07:24:57</subfield><subfield code='c'>false</subfield></datafield><datafield ind1='0' ind2=' ' tag='HLD'><subfield code='b'>AMBLER</subfield><subfield code='c'>stacks</subfield><subfield code='h'>PN1995.9.S4B3413 1976</subfield><subfield code='8'>22266102790003811</subfield></datafield><datafield ind1='0' ind2=' ' tag='HLD'><subfield code='b'>MAIN</subfield><subfield code='c'>stacks</subfield><subfield code='h'>PN1995.9.S4B3413 1976</subfield><subfield code='8'>22266102810003811</subfield></datafield><datafield ind1='0' ind2=' ' tag='HLD'><subfield code='b'>KARDON</subfield><subfield code='c'>p_remote</subfield><subfield code='h'>PN1995.9.S4B3413 1976</subfield><subfield code='8'>22266102830003811</subfield></datafield><datafield ind1=' ' ind2=' ' tag='ITM'><subfield code='r'>22266102790003811</subfield><subfield code='b'>1</subfield><subfield code='h'>0</subfield><subfield code='g'>stacks</subfield><subfield code='t'>BOOK</subfield><subfield code='9'>39074003011467</subfield><subfield code='e'>stacks</subfield><subfield code='8'>23266102780003811</subfield><subfield code='a'>0</subfield><subfield code='q'>2017-06-20 07:24:57</subfield><subfield code='i'>PN1995.9.S4B3413 1976</subfield><subfield code='d'>AMBLER</subfield><subfield code='f'>AMBLER</subfield></datafield><datafield ind1=' ' ind2=' ' tag='ITM'><subfield code='r'>22266102810003811</subfield><subfield code='b'>1</subfield><subfield code='h'>0</subfield><subfield code='g'>stacks</subfield><subfield code='t'>BOOK</subfield><subfield code='9'>39074001301316</subfield><subfield code='e'>stacks</subfield><subfield code='8'>23266102800003811</subfield><subfield code='a'>0</subfield><subfield code='q'>2017-06-20 07:24:57</subfield><subfield code='i'>PN1995.9.S4B3413 1976</subfield><subfield code='d'>MAIN</subfield><subfield code='f'>MAIN</subfield></datafield><datafield ind1=' ' ind2=' ' tag='ITM'><subfield code='r'>22266102830003811</subfield><subfield code='b'>1</subfield><subfield code='h'>0</subfield><subfield code='g'>p_remote</subfield><subfield code='t'>BOOK</subfield><subfield code='9'>39074007950934</subfield><subfield code='e'>p_remote</subfield><subfield code='8'>23266102820003811</subfield><subfield code='a'>0</subfield><subfield code='q'>2017-06-20 07:24:57</subfield><subfield code='i'>PN1995.9.S4B3413 1976</subfield><subfield code='d'>KARDON</subfield><subfield code='f'>KARDON</subfield></datafield></record>