
<record xmlns='http://www.loc.gov/MARC21/slim'><leader>01430nam a22004330  4500</leader><controlfield tag='005'>20180315165918.0</controlfield><controlfield tag='008'>790813r1979    enk      bc   00010 eng  </controlfield><controlfield tag='001'>991007241649703811</controlfield><datafield ind1=' ' ind2=' ' tag='010'><subfield code='a'>79311593</subfield></datafield><datafield ind1=' ' ind2=' ' tag='020'><subfield code='c'>£6.22</subfield></datafield><datafield ind1=' ' ind2=' ' tag='035'><subfield code='a'>(PPT)b11484871-01tuli_inst</subfield></datafield><datafield ind1=' ' ind2=' ' tag='035'><subfield code='a'>ocn469776806</subfield><subfield code='9'>ExL</subfield></datafield><datafield ind1=' ' ind2=' ' tag='035'><subfield code='a'>PATG05336022B</subfield></datafield><datafield ind1=' ' ind2=' ' tag='035'><subfield code='a'>ocm05336022</subfield></datafield><datafield ind1=' ' ind2=' ' tag='035'><subfield code='a'>(OCLC)ocm05336022</subfield></datafield><datafield ind1=' ' ind2=' ' tag='040'><subfield code='a'>DLC</subfield><subfield code='c'>DLC</subfield><subfield code='d'>PPT</subfield></datafield><datafield ind1=' ' ind2=' ' tag='043'><subfield code='a'>e-uk---</subfield></datafield><datafield ind1=' ' ind2=' ' tag='079'><subfield code='a'>ocm05336022</subfield></datafield><datafield ind1=' ' ind2=' ' tag='090'><subfield code='a'>CD1040.L5 v.156</subfield></datafield><datafield ind1='1' ind2='0' tag='110'><subfield code='a'>Great Britain.</subfield><subfield code='b'>Cabinet Office.</subfield></datafield><datafield ind1='1' ind2='0' tag='245'><subfield code='a'>Cabinet Office War Cabinet memoranda :</subfield><subfield code='b'>general index of GT papers 1-8412 (CAB 24/6-90), 1916 Dec.-1919 Oct.</subfield></datafield><datafield ind1=' ' ind2=' ' tag='260'><subfield code='a'>London :</subfield><subfield code='b'>Swift,</subfield><subfield code='c'>1979.</subfield></datafield><datafield ind1=' ' ind2=' ' tag='300'><subfield code='a'>234 p. ;</subfield><subfield code='c'>33 cm.</subfield></datafield><datafield ind1='1' ind2=' ' tag='490'><subfield code='a'>List &amp; Index Society ; v. 156</subfield></datafield><datafield ind1=' ' ind2=' ' tag='500'><subfield code='a'>Reprint of materials in the Public Record Office.</subfield></datafield><datafield ind1='1' ind2='0' tag='610'><subfield code='a'>Great Britain.</subfield><subfield code='b'>War Cabinet</subfield><subfield code='x'>Archives</subfield><subfield code='x'>Catalogs.</subfield></datafield><datafield ind1='1' ind2='0' tag='610'><subfield code='a'>Great Britain.</subfield><subfield code='b'>Public Record Office</subfield><subfield code='x'>Catalogs.</subfield></datafield><datafield ind1=' ' ind2='0' tag='650'><subfield code='a'>World War, 1914-1918</subfield><subfield code='z'>Great Britain</subfield><subfield code='x'>Sources</subfield><subfield code='x'>Bibliography</subfield><subfield code='x'>Catalogs.</subfield></datafield><datafield ind1='1' ind2='0' tag='710'><subfield code='a'>Great Britain.</subfield><subfield code='b'>War Cabinet.</subfield></datafield><datafield ind1='2' ind2='0' tag='710'><subfield code='a'>Scottish Record Office.</subfield></datafield><datafield ind1=' ' ind2='0' tag='830'><subfield code='a'>List &amp; Index Society (Series) ;</subfield><subfield code='v'>v. 156.</subfield></datafield><datafield ind1=' ' ind2=' ' tag='907'><subfield code='a'>.b11484871</subfield><subfield code='b'>k    </subfield><subfield code='c'>-</subfield></datafield><datafield ind1=' ' ind2=' ' tag='935'><subfield code='a'>00157838</subfield></datafield><datafield ind1=' ' ind2=' ' tag='945'><subfield code='l'>kstk </subfield><subfield code='g'>1</subfield></datafield><datafield ind1=' ' ind2=' ' tag='950'><subfield code='l'>P</subfield><subfield code='x'>1</subfield><subfield code='i'>01/01/01 N</subfield></datafield><datafield ind1=' ' ind2=' ' tag='955'><subfield code='c'>-</subfield><subfield code='u'>c=1 [1164413]</subfield></datafield><datafield ind1=' ' ind2=' ' tag='979'><subfield code='a'>ocm05336022</subfield></datafield><datafield ind1=' ' ind2=' ' tag='998'><subfield code='b'>1</subfield><subfield code='c'>990101</subfield><subfield code='d'>m</subfield><subfield code='e'>a</subfield><subfield code='f'>-</subfield><subfield code='g'>0</subfield></datafield><datafield ind1=' ' ind2=' ' tag='998'><subfield code='n'>PPT</subfield><subfield code='s'>9665</subfield></datafield><datafield ind1=' ' ind2=' ' tag='ADM'><subfield code='b'>2018-03-15 20:59:18</subfield><subfield code='e'>b11484871-01tuli_inst</subfield><subfield code='d'>ILS</subfield><subfield code='a'>2017-06-20 08:39:58</subfield><subfield code='c'>false</subfield></datafield><datafield ind1='0' ind2=' ' tag='HLD'><subfield code='b'>KARDON</subfield><subfield code='c'>p_remote</subfield><subfield code='h'>CD1040.L5 v.156</subfield><subfield code='8'>22285052090003811</subfield></datafield><datafield ind1=' ' ind2=' ' tag='ITM'><subfield code='r'>22285052090003811</subfield><subfield code='b'>1</subfield><subfield code='h'>0</subfield><subfield code='g'>p_remote</subfield><subfield code='t'>BOOK</subfield><subfield code='9'>39074022754766</subfield><subfield code='e'>p_remote</subfield><subfield code='8'>23285052080003811</subfield><subfield code='a'>0</subfield><subfield code='q'>2017-06-20 08:39:58</subfield><subfield code='i'>CD1040.L5 v.156</subfield><subfield code='d'>KARDON</subfield><subfield code='f'>KARDON</subfield></datafield></record>