
<record xmlns='http://www.loc.gov/MARC21/slim'><leader>02131cam a22004331a 4500</leader><controlfield tag='005'>20051101164825.0</controlfield><controlfield tag='007'>cr mn mmmmabba</controlfield><controlfield tag='008'>860804s1813    pau    js     000 1 eng d</controlfield><controlfield tag='001'>991024125739703811</controlfield><datafield ind1=' ' ind2=' ' tag='035'><subfield code='a'>(PPT)b50616687-01tuli_inst</subfield></datafield><datafield ind1=' ' ind2=' ' tag='035'><subfield code='a'>aas04293652</subfield><subfield code='9'>ExL</subfield></datafield><datafield ind1=' ' ind2=' ' tag='040'><subfield code='a'>MWA</subfield><subfield code='c'>MWA</subfield><subfield code='e'>dcrb</subfield></datafield><datafield ind1=' ' ind2=' ' tag='090'><subfield code='a'>E164</subfield><subfield code='b'>.E265x</subfield></datafield><datafield ind1='0' ind2='4' tag='245'><subfield code='a'>The Cabinet,</subfield><subfield code='h'>[electronic resource] :</subfield><subfield code='b'>containing a variety of useful instruction, : adapted to the capacities of the young and aged of both sexes. /</subfield><subfield code='c'>By the printer&apos;s boy. ; [Three lines from Thomson]</subfield></datafield><datafield ind1=' ' ind2=' ' tag='260'><subfield code='a'>Philadelphia: :</subfield><subfield code='b'>Published by John Fordyce, no. 368, North Third Street.,</subfield><subfield code='c'>1813.</subfield></datafield><datafield ind1=' ' ind2=' ' tag='300'><subfield code='a'>viii, [1], 10-108 p.</subfield></datafield><datafield ind1=' ' ind2=' ' tag='500'><subfield code='a'>Stories, essays, and poems.</subfield></datafield><datafield ind1=' ' ind2=' ' tag='500'><subfield code='a'>Preface addressed, &quot;To the juvenile reader,&quot;--p. [iii]-vi.</subfield></datafield><datafield ind1='4' ind2=' ' tag='510'><subfield code='a'>Shaw &amp; Shoemaker</subfield><subfield code='c'>51276</subfield></datafield><datafield ind1='4' ind2=' ' tag='510'><subfield code='a'>Welch, d&apos;A.A.  Amer. children&apos;s books,</subfield><subfield code='c'>145</subfield></datafield><datafield ind1=' ' ind2=' ' tag='530'><subfield code='a'>Microform version available in the Readex Early American Imprints series.</subfield></datafield><datafield ind1=' ' ind2=' ' tag='533'><subfield code='a'>Electronic text and image data.</subfield><subfield code='b'>[Chester, Vt. :</subfield><subfield code='c'>Readex, a division of Newsbank, Inc.,</subfield><subfield code='d'>2004-2007]</subfield><subfield code='e'>Includes files in TIFF, GIF and PDF formats with inclusion of keyword searchable text.</subfield><subfield code='f'>(Early American imprints. Second series ; no. 51276).</subfield></datafield><datafield ind1=' ' ind2=' ' tag='590'><subfield code='a'>Access is available to the Temple Community through use of a networked computer with a Temple IP address.</subfield></datafield><datafield ind1=' ' ind2='0' tag='650'><subfield code='a'>Children&apos;s stories.</subfield></datafield><datafield ind1=' ' ind2='0' tag='650'><subfield code='a'>Conduct of life</subfield><subfield code='v'>Juvenile fiction.</subfield></datafield><datafield ind1=' ' ind2='0' tag='650'><subfield code='a'>Christian life.</subfield></datafield><datafield ind1=' ' ind2='0' tag='650'><subfield code='a'>Children</subfield><subfield code='x'>Death</subfield><subfield code='x'>Religious aspects.</subfield></datafield><datafield ind1=' ' ind2='0' tag='650'><subfield code='a'>Young men</subfield><subfield code='v'>Juvenile fiction.</subfield></datafield><datafield ind1=' ' ind2='0' tag='650'><subfield code='a'>Young men</subfield><subfield code='x'>Religious life.</subfield></datafield><datafield ind1=' ' ind2='0' tag='650'><subfield code='a'>Domestics</subfield><subfield code='v'>Juvenile fiction.</subfield></datafield><datafield ind1=' ' ind2='0' tag='650'><subfield code='a'>Kings and rulers.</subfield></datafield><datafield ind1=' ' ind2='7' tag='655'><subfield code='a'>Juvenile literature</subfield><subfield code='y'>1813.</subfield><subfield code='2'>rbgenr</subfield></datafield><datafield ind1=' ' ind2='7' tag='655'><subfield code='a'>Poems</subfield><subfield code='y'>1813.</subfield><subfield code='2'>rbgenr</subfield></datafield><datafield ind1='0' ind2=' ' tag='700'><subfield code='a'>Printer&apos;s boy,</subfield><subfield code='e'>comp.</subfield></datafield><datafield ind1=' ' ind2=' ' tag='752'><subfield code='a'>United States</subfield><subfield code='b'>Pennsylvania</subfield><subfield code='d'>Philadelphia.</subfield></datafield><datafield ind1=' ' ind2='0' tag='830'><subfield code='a'>Early American imprints.</subfield><subfield code='n'>Second series ;</subfield><subfield code='v'>no. 51276.</subfield></datafield><datafield ind1='4' ind2='1' tag='856'><subfield code='z'>Access full text online.</subfield><subfield code='u'>http://libproxy.temple.edu/login?url=http://opac.newsbank.com/select/shaw/51276</subfield><subfield code='y'>Shaw-Shoemaker Digital Edition</subfield></datafield><datafield ind1=' ' ind2=' ' tag='907'><subfield code='a'>.b50616687</subfield><subfield code='b'>w    </subfield><subfield code='c'>-</subfield></datafield><datafield ind1=' ' ind2=' ' tag='902'><subfield code='a'>111209</subfield></datafield><datafield ind1=' ' ind2=' ' tag='998'><subfield code='b'>1</subfield><subfield code='c'>111211</subfield><subfield code='d'>m</subfield><subfield code='e'>@</subfield><subfield code='f'>-</subfield><subfield code='g'>4</subfield></datafield><datafield ind1=' ' ind2=' ' tag='945'><subfield code='l'>w    </subfield><subfield code='g'>1</subfield></datafield><datafield ind1=' ' ind2=' ' tag='ADM'><subfield code='e'>b50616687-01tuli_inst</subfield><subfield code='d'>ILS</subfield><subfield code='a'>2017-06-20 15:02:24</subfield><subfield code='c'>false</subfield></datafield><datafield ind1=' ' ind2=' ' tag='PRT'><subfield code='a'>53376680930003811</subfield><subfield code='b'>https://sandbox01-na.alma.exlibrisgroup.com/view/uresolver/01TULI_INST/openurl?u.ignore_date_coverage=true&amp;rft.mms_id=991024125739703811</subfield><subfield code='f'>Access full text online.</subfield><subfield code='9'>Available</subfield><subfield code='d'>MAIN</subfield><subfield code='c'>Early American imprints, Second Series</subfield><subfield code='8'>53376680930003811</subfield></datafield></record>