
<record xmlns='http://www.loc.gov/MARC21/slim'><leader>01510nas a2200349 c 4500</leader><controlfield tag='001'>991036722893303811</controlfield><controlfield tag='005'>20160926092204.0</controlfield><controlfield tag='007'>cr||||||||||||</controlfield><controlfield tag='008'>100121d18081808xxuu||p|o ||| 0||||0eng c</controlfield><datafield ind1='7' ind2=' ' tag='016'><subfield code='2'>DE-101</subfield><subfield code='a'>999715054</subfield></datafield><datafield ind1='7' ind2=' ' tag='016'><subfield code='2'>DE-600</subfield><subfield code='a'>2534699-4</subfield></datafield><datafield ind1=' ' ind2=' ' tag='035'><subfield code='a'>(CKB)1000000000238103</subfield></datafield><datafield ind1=' ' ind2=' ' tag='035'><subfield code='a'>(DE-599)ZDB2534699-4</subfield></datafield><datafield ind1=' ' ind2=' ' tag='035'><subfield code='a'>(OCoLC)873687968</subfield></datafield><datafield ind1=' ' ind2=' ' tag='035'><subfield code='a'>(DE-101)999715054</subfield></datafield><datafield ind1=' ' ind2=' ' tag='035'><subfield code='a'>(EXLCZ)991000000000238103</subfield></datafield><datafield ind1=' ' ind2=' ' tag='040'><subfield code='a'>0001</subfield><subfield code='b'>ger</subfield><subfield code='c'>DE-101</subfield><subfield code='d'>9999</subfield></datafield><datafield ind1=' ' ind2=' ' tag='041'><subfield code='a'>eng</subfield></datafield><datafield ind1=' ' ind2=' ' tag='044'><subfield code='c'>XD-US</subfield></datafield><datafield ind1='7' ind2='4' tag='082'><subfield code='a'>050</subfield><subfield code='q'>DE-600</subfield><subfield code='2'>22sdnb</subfield></datafield><datafield ind1=' ' ind2=' ' tag='084'><subfield code='a'>050</subfield><subfield code='q'>DE-600</subfield><subfield code='2'>sdnb</subfield></datafield><datafield ind1=' ' ind2=' ' tag='090'><subfield code='n'>nl</subfield><subfield code='n'>ld</subfield></datafield><datafield ind1=' ' ind2=' ' tag='210'><subfield code='a'>USEFUL CABINET, PUBLISHED IN MONTHLY NUMBERS FOR THE NEWENGLAND ASSOCIATION OF INVENTORS AND PATRONS OF USEFUL ARTS</subfield></datafield><datafield ind1='1' ind2='4' tag='245'><subfield code='a'>Useful cabinet</subfield><subfield code='h'>Elektronische Ressource</subfield><subfield code='b'>publ. in monthly numbers for the Newengland Association of Inventors and Patrons of Useful Arts</subfield></datafield><datafield ind1=' ' ind2=' ' tag='246'><subfield code='a'>The Useful Cabinet, Published in Monthly Numbers for the Newengland Association of Inventors and Patrons of Useful Arts (1808-1808)</subfield></datafield><datafield ind1=' ' ind2=' ' tag='246'><subfield code='a'>Useful Cabinet, The </subfield></datafield><datafield ind1=' ' ind2=' ' tag='246'><subfield code='a'>The Useful Cabinet, Published in Monthly Numbers for the Newengland Association of Inventors and Patrons of Useful Arts</subfield></datafield><datafield ind1='3' ind2='1' tag='264'><subfield code='a'>Boston, Mass.</subfield><subfield code='b'>Beals</subfield><subfield code='c'>1808-1808</subfield></datafield><datafield ind1=' ' ind2=' ' tag='300'><subfield code='a'>Online-Ressource</subfield></datafield><datafield ind1='0' ind2=' ' tag='362'><subfield code='a'>1.1808,1-6; damit Ersch. eingest.</subfield></datafield><datafield ind1='0' ind2='1' tag='363'><subfield code='8'>1.1\x</subfield><subfield code='a'>1</subfield><subfield code='b'>1</subfield><subfield code='i'>1808</subfield></datafield><datafield ind1=' ' ind2=' ' tag='530'><subfield code='a'>Digital. Ausg.: Worcester, Mass. : American Antiquarian Society Historical Periodicals, 2009. (AAS Historical Periodicals Collection: 1691-1820 Publications)</subfield></datafield><datafield ind1=' ' ind2=' ' tag='533'><subfield code='7'>d20092009</subfield><subfield code='b'>Worcester, Mass.</subfield><subfield code='c'>American Antiquarian Society</subfield><subfield code='f'>AAS Historical Periodicals Collection : 1691-1820 Publications</subfield></datafield><datafield ind1=' ' ind2=' ' tag='906'><subfield code='a'>JOURNAL</subfield></datafield><datafield ind1=' ' ind2=' ' tag='PRT'><subfield code='a'>53345856750003811</subfield><subfield code='b'>https://sandbox01-na.alma.exlibrisgroup.com/view/uresolver/01TULI_INST/openurl?u.ignore_date_coverage=true&amp;rft.mms_id=991036722893303811</subfield><subfield code='e'>ProQuest</subfield><subfield code='g'> Available from 1808 until 1808.</subfield><subfield code='c'>ProQuest American Periodical Series</subfield><subfield code='h'>612550000000000030</subfield><subfield code='8'>53345856750003811</subfield></datafield><datafield ind1=' ' ind2=' ' tag='PRT'><subfield code='a'>53409074940003811</subfield><subfield code='b'>https://sandbox01-na.alma.exlibrisgroup.com/view/uresolver/01TULI_INST/openurl?u.ignore_date_coverage=true&amp;rft.mms_id=991036722893303811</subfield><subfield code='e'>EBSCOhost</subfield><subfield code='g'> Available from 1808 until 1808.</subfield><subfield code='c'>EBSCOhost American Antiquarian Society Historical Periodicals Collection: Series 1</subfield><subfield code='h'>613450000000000054</subfield><subfield code='8'>53409074940003811</subfield></datafield></record>