
<record xmlns='http://www.loc.gov/MARC21/slim'><leader>02427cam a2200469 a 4500</leader><controlfield tag='005'>20060225072527.0</controlfield><controlfield tag='007'>cr mn mmmmabba</controlfield><controlfield tag='008'>860707s1818    nyu    js     000 1 eng d</controlfield><controlfield tag='001'>991024125789703811</controlfield><datafield ind1=' ' ind2=' ' tag='035'><subfield code='a'>(PPT)b50616699-01tuli_inst</subfield></datafield><datafield ind1=' ' ind2=' ' tag='035'><subfield code='a'>aas04293653</subfield><subfield code='9'>ExL</subfield></datafield><datafield ind1=' ' ind2=' ' tag='040'><subfield code='a'>MWA</subfield><subfield code='c'>MWA</subfield><subfield code='e'>dcrb</subfield></datafield><datafield ind1=' ' ind2=' ' tag='090'><subfield code='a'>E164</subfield><subfield code='b'>.E265x</subfield></datafield><datafield ind1='0' ind2='4' tag='245'><subfield code='a'>The Cabinet;</subfield><subfield code='h'>[electronic resource] :</subfield><subfield code='b'>containing an elegant collection of entertaining stories, designed for the amusement of boys and girls. /</subfield><subfield code='c'>By Mrs. Opie, Madame de Montolieu, and others.</subfield></datafield><datafield ind1=' ' ind2=' ' tag='260'><subfield code='a'>Poughkeepsie [N.Y.]: :</subfield><subfield code='b'>Printed by Paraclete Potter.,</subfield><subfield code='c'>[1818?]</subfield></datafield><datafield ind1=' ' ind2=' ' tag='300'><subfield code='a'>[2], 28, 32, 24, 59, [1] p. ;</subfield><subfield code='c'>14 cm.</subfield></datafield><datafield ind1=' ' ind2=' ' tag='500'><subfield code='a'>Dated [1818?] by Welch.</subfield></datafield><datafield ind1=' ' ind2=' ' tag='500'><subfield code='a'>Last page blank.</subfield></datafield><datafield ind1='0' ind2=' ' tag='505'><subfield code='a'>The black velvet pelisse -- Marcel; or, The cobbler of the cottage -- The duel -- The lady among murderers -- The captain of banditti -- Conradine, or Innocence triumphant -- The sport of fortune.</subfield></datafield><datafield ind1='4' ind2=' ' tag='510'><subfield code='a'>Shaw &amp; Shoemaker</subfield><subfield code='c'>43519</subfield></datafield><datafield ind1='4' ind2=' ' tag='510'><subfield code='a'>Welch, d&apos;A.A.  Amer. children&apos;s books,</subfield><subfield code='c'>146</subfield></datafield><datafield ind1=' ' ind2=' ' tag='530'><subfield code='a'>Microform version available in the Readex Early American Imprints series.</subfield></datafield><datafield ind1=' ' ind2=' ' tag='533'><subfield code='a'>Electronic text and image data.</subfield><subfield code='b'>[Chester, Vt. :</subfield><subfield code='c'>Readex, a division of Newsbank, Inc.,</subfield><subfield code='d'>2004-2007]</subfield><subfield code='e'>Includes files in TIFF, GIF and PDF formats with inclusion of keyword searchable text.</subfield><subfield code='f'>(Early American imprints. Second series ; no. 43519).</subfield></datafield><datafield ind1=' ' ind2=' ' tag='590'><subfield code='a'>Access is available to the Temple Community through use of a networked computer with a Temple IP address.</subfield></datafield><datafield ind1=' ' ind2='0' tag='650'><subfield code='a'>Children&apos;s stories.</subfield></datafield><datafield ind1=' ' ind2='0' tag='650'><subfield code='a'>Young women</subfield><subfield code='v'>Juvenile fiction.</subfield></datafield><datafield ind1=' ' ind2='0' tag='650'><subfield code='a'>Generosity</subfield><subfield code='v'>Juvenile fiction.</subfield></datafield><datafield ind1=' ' ind2='0' tag='650'><subfield code='a'>Church attendance</subfield><subfield code='v'>Juvenile fiction.</subfield></datafield><datafield ind1=' ' ind2='0' tag='650'><subfield code='a'>Poor</subfield><subfield code='v'>Juvenile fiction.</subfield></datafield><datafield ind1=' ' ind2='0' tag='650'><subfield code='a'>Young men</subfield><subfield code='v'>Juvenile fiction.</subfield></datafield><datafield ind1=' ' ind2='0' tag='650'><subfield code='a'>Dueling</subfield><subfield code='v'>Juvenile fiction.</subfield></datafield><datafield ind1=' ' ind2='0' tag='650'><subfield code='a'>Brigands and robbers</subfield><subfield code='v'>Juvenile fiction.</subfield></datafield><datafield ind1=' ' ind2='0' tag='650'><subfield code='a'>Kings and rulers</subfield><subfield code='v'>Juvenile fiction.</subfield></datafield><datafield ind1=' ' ind2='0' tag='650'><subfield code='a'>Ambition</subfield><subfield code='v'>Juvenile fiction.</subfield></datafield><datafield ind1=' ' ind2='7' tag='655'><subfield code='a'>Juvenile literature</subfield><subfield code='y'>1818.</subfield><subfield code='2'>rbgenr</subfield></datafield><datafield ind1='1' ind2=' ' tag='700'><subfield code='a'>Opie, Amelia,</subfield><subfield code='d'>1769-1853.</subfield></datafield><datafield ind1='1' ind2=' ' tag='700'><subfield code='a'>Montolieu, Isabelle de,</subfield><subfield code='d'>1751-1832.</subfield></datafield><datafield ind1=' ' ind2=' ' tag='752'><subfield code='a'>United States</subfield><subfield code='b'>New York</subfield><subfield code='d'>Poughkeepsie.</subfield></datafield><datafield ind1=' ' ind2='0' tag='830'><subfield code='a'>Early American imprints.</subfield><subfield code='n'>Second series ;</subfield><subfield code='v'>no. 43519.</subfield></datafield><datafield ind1='4' ind2='1' tag='856'><subfield code='z'>Access full text online.</subfield><subfield code='u'>http://libproxy.temple.edu/login?url=http://opac.newsbank.com/select/shaw/43519</subfield><subfield code='y'>Shaw-Shoemaker Digital Edition</subfield></datafield><datafield ind1=' ' ind2=' ' tag='907'><subfield code='a'>.b50616699</subfield><subfield code='b'>w    </subfield><subfield code='c'>-</subfield></datafield><datafield ind1=' ' ind2=' ' tag='902'><subfield code='a'>130622</subfield></datafield><datafield ind1=' ' ind2=' ' tag='998'><subfield code='b'>1</subfield><subfield code='c'>111211</subfield><subfield code='d'>m</subfield><subfield code='e'>@</subfield><subfield code='f'>-</subfield><subfield code='g'>4</subfield></datafield><datafield ind1=' ' ind2=' ' tag='945'><subfield code='l'>w    </subfield><subfield code='g'>1</subfield></datafield><datafield ind1=' ' ind2=' ' tag='ADM'><subfield code='e'>b50616699-01tuli_inst</subfield><subfield code='d'>ILS</subfield><subfield code='a'>2017-06-20 15:02:24</subfield><subfield code='c'>false</subfield></datafield><datafield ind1=' ' ind2=' ' tag='PRT'><subfield code='a'>53376699850003811</subfield><subfield code='b'>https://sandbox01-na.alma.exlibrisgroup.com/view/uresolver/01TULI_INST/openurl?u.ignore_date_coverage=true&amp;rft.mms_id=991024125789703811</subfield><subfield code='f'>Access full text online.</subfield><subfield code='9'>Available</subfield><subfield code='d'>MAIN</subfield><subfield code='c'>Early American imprints, Second Series</subfield><subfield code='8'>53376699850003811</subfield></datafield></record>