
<record xmlns='http://www.loc.gov/MARC21/slim'><leader>01008nas  2200337 a 4500</leader><controlfield tag='001'>991036864400503811</controlfield><controlfield tag='005'>20160323152927.0</controlfield><controlfield tag='006'>m     o  d        </controlfield><controlfield tag='007'>cr an|</controlfield><controlfield tag='008'>020628d18111811mauwr pso     0    0eng c</controlfield><datafield ind1=' ' ind2=' ' tag='010'><subfield code='a'>  2008233734</subfield></datafield><datafield ind1='7' ind2=' ' tag='016'><subfield code='a'>2533936-9</subfield><subfield code='2'>DE-600</subfield></datafield><datafield ind1=' ' ind2=' ' tag='035'><subfield code='a'>(OCoLC)50080698</subfield></datafield><datafield ind1=' ' ind2=' ' tag='035'><subfield code='a'>(CKB)3310000000009953</subfield></datafield><datafield ind1=' ' ind2=' ' tag='035'><subfield code='a'>(CONSER)  2008233734</subfield></datafield><datafield ind1=' ' ind2=' ' tag='035'><subfield code='a'>(DE-599)ZDB2533936-9</subfield></datafield><datafield ind1=' ' ind2=' ' tag='035'><subfield code='a'>(EXLCZ)993310000000009953</subfield></datafield><datafield ind1=' ' ind2=' ' tag='042'><subfield code='a'>pcc</subfield></datafield><datafield ind1='1' ind2='4' tag='050'><subfield code='a'>AP2.A3</subfield></datafield><datafield ind1='0' ind2=' ' tag='130'><subfield code='a'>Cabinet (Boston, Mass. : Online)</subfield></datafield><datafield ind1=' ' ind2=' ' tag='210'><subfield code='a'>CABINET</subfield></datafield><datafield ind1=' ' ind2=' ' tag='210'><subfield code='a'>CABINET, THE</subfield></datafield><datafield ind1='1' ind2='4' tag='245'><subfield code='a'>The Cabinet</subfield><subfield code='h'>[electronic resource].</subfield></datafield><datafield ind1=' ' ind2=' ' tag='246'><subfield code='a'>Cabinet</subfield></datafield><datafield ind1='3' ind2='0' tag='246'><subfield code='a'>Repository of polite literature</subfield></datafield><datafield ind1=' ' ind2=' ' tag='260'><subfield code='a'>Boston :</subfield><subfield code='b'>[s.n.],</subfield><subfield code='c'>1811.</subfield></datafield><datafield ind1=' ' ind2=' ' tag='310'><subfield code='a'>Weekly</subfield></datafield><datafield ind1='0' ind2=' ' tag='362'><subfield code='a'>No. 1 (Jan. 5, 1811)-no. 10 (Mar. 23, 1811).</subfield></datafield><datafield ind1=' ' ind2=' ' tag='500'><subfield code='a'>Title from pdf caption (ProQuest APS Online, viewed May 8, 2008).</subfield></datafield><datafield ind1=' ' ind2=' ' tag='538'><subfield code='a'>Mode of access: World Wide Web.</subfield></datafield><datafield ind1=' ' ind2='0' tag='650'><subfield code='a'>American literature</subfield><subfield code='y'>19th century</subfield><subfield code='v'>Periodicals.</subfield></datafield><datafield ind1=' ' ind2=' ' tag='906'><subfield code='a'>JOURNAL</subfield></datafield><datafield ind1=' ' ind2=' ' tag='ADM'><subfield code='b'>2018-01-24 03:37:32</subfield><subfield code='e'>3310000000009953</subfield><subfield code='d'>CKB</subfield><subfield code='a'>2012-02-25 21:59:55</subfield><subfield code='c'>false</subfield></datafield><datafield ind1=' ' ind2=' ' tag='PRT'><subfield code='a'>53409104610003811</subfield><subfield code='b'>https://sandbox01-na.alma.exlibrisgroup.com/view/uresolver/01TULI_INST/openurl?u.ignore_date_coverage=true&amp;rft.mms_id=991036864400503811</subfield><subfield code='e'>EBSCOhost</subfield><subfield code='g'> Available from 1831 until 1831.</subfield><subfield code='9'>Available</subfield><subfield code='c'>EBSCOhost American Antiquarian Society Historical Periodicals Collection: Series 2</subfield><subfield code='h'>613450000000000055</subfield><subfield code='8'>53409104610003811</subfield></datafield><datafield ind1=' ' ind2=' ' tag='PRT'><subfield code='a'>53409104590003811</subfield><subfield code='b'>https://sandbox01-na.alma.exlibrisgroup.com/view/uresolver/01TULI_INST/openurl?u.ignore_date_coverage=true&amp;rft.mms_id=991036864400503811</subfield><subfield code='e'>EBSCOhost</subfield><subfield code='g'> Available from 1829 until 1831.</subfield><subfield code='9'>Available</subfield><subfield code='c'>EBSCOhost American Antiquarian Society Historical Periodicals Collection: Series 2</subfield><subfield code='h'>613450000000000055</subfield><subfield code='8'>53409104590003811</subfield></datafield></record>