
<record xmlns='http://www.loc.gov/MARC21/slim'><leader>01300nas  2200385 a 4500</leader><controlfield tag='001'>991036722869903811</controlfield><controlfield tag='005'>20180322131952.0</controlfield><controlfield tag='006'>m     o  d        </controlfield><controlfield tag='007'>cr an|</controlfield><controlfield tag='008'>020628d18111811mauwr pso     0    0eng c</controlfield><datafield ind1=' ' ind2=' ' tag='010'><subfield code='a'>  2008233734</subfield></datafield><datafield ind1='7' ind2=' ' tag='016'><subfield code='a'>2497880 2</subfield><subfield code='2'>DE-600</subfield></datafield><datafield ind1=' ' ind2=' ' tag='022'><subfield code='a'>2043-1708</subfield></datafield><datafield ind1=' ' ind2=' ' tag='035'><subfield code='a'>(OCoLC)50080698</subfield></datafield><datafield ind1=' ' ind2=' ' tag='035'><subfield code='a'>(CKB)1000000000427744</subfield></datafield><datafield ind1=' ' ind2=' ' tag='035'><subfield code='a'>(CONSER)  2008233734</subfield></datafield><datafield ind1=' ' ind2=' ' tag='035'><subfield code='a'>(DE-599)ZDB2497880 2</subfield></datafield><datafield ind1=' ' ind2=' ' tag='035'><subfield code='a'>(EXLCZ)991000000000427744</subfield></datafield><datafield ind1=' ' ind2=' ' tag='042'><subfield code='a'>pcc</subfield></datafield><datafield ind1='1' ind2='4' tag='050'><subfield code='a'>AP2.A3</subfield></datafield><datafield ind1='0' ind2=' ' tag='130'><subfield code='a'>Cabinet (Boston, Mass. : Online)</subfield></datafield><datafield ind1='1' ind2='4' tag='245'><subfield code='a'>The Cabinet</subfield><subfield code='h'>[electronic resource].</subfield></datafield><datafield ind1=' ' ind2=' ' tag='246'><subfield code='a'>The Cabinet; a Repository of Polite Literature</subfield></datafield><datafield ind1=' ' ind2=' ' tag='246'><subfield code='a'>The cabinet</subfield></datafield><datafield ind1=' ' ind2=' ' tag='246'><subfield code='a'>The cabinet</subfield></datafield><datafield ind1='3' ind2='0' tag='246'><subfield code='a'>Repository of polite literature</subfield></datafield><datafield ind1=' ' ind2=' ' tag='246'><subfield code='a'>Cabinet, The </subfield></datafield><datafield ind1=' ' ind2=' ' tag='246'><subfield code='a'>The Cabinet; a Repository of Polite Literature (1811-1811)</subfield></datafield><datafield ind1=' ' ind2=' ' tag='260'><subfield code='a'>Boston :</subfield><subfield code='b'>[s.n.],</subfield><subfield code='c'>1811.</subfield></datafield><datafield ind1=' ' ind2=' ' tag='310'><subfield code='a'>Weekly</subfield></datafield><datafield ind1='0' ind2=' ' tag='362'><subfield code='a'>No. 1 (Jan. 5, 1811)-no. 10 (Mar. 23, 1811).</subfield></datafield><datafield ind1=' ' ind2=' ' tag='500'><subfield code='a'>Title from pdf caption (ProQuest APS Online, viewed May 8, 2008).</subfield></datafield><datafield ind1=' ' ind2=' ' tag='538'><subfield code='a'>Mode of access: World Wide Web.</subfield></datafield><datafield ind1=' ' ind2='0' tag='650'><subfield code='a'>American literature</subfield><subfield code='y'>19th century</subfield><subfield code='v'>Periodicals.</subfield></datafield><datafield ind1='0' ind2='0' tag='780'><subfield code='t'>The cabinet, or, Monthly report of polite literature</subfield><subfield code='w'>(CKB)3390000000005653</subfield><subfield code='w'>(DLC)</subfield><subfield code='w'>(OCoLC)</subfield><subfield code='x'>2043-1694</subfield></datafield><datafield ind1=' ' ind2=' ' tag='906'><subfield code='a'>JOURNAL</subfield></datafield><datafield ind1=' ' ind2=' ' tag='PRT'><subfield code='a'>53345887920003811</subfield><subfield code='b'>https://sandbox01-na.alma.exlibrisgroup.com/view/uresolver/01TULI_INST/openurl?u.ignore_date_coverage=true&amp;rft.mms_id=991036722869903811</subfield><subfield code='e'>ProQuest</subfield><subfield code='g'> Available from 1807 until 1809.</subfield><subfield code='c'>ProQuest British Periodicals Collection 2</subfield><subfield code='h'>612550000000000035</subfield><subfield code='8'>53345887920003811</subfield></datafield><datafield ind1=' ' ind2=' ' tag='PRT'><subfield code='a'>53345864050003811</subfield><subfield code='b'>https://sandbox01-na.alma.exlibrisgroup.com/view/uresolver/01TULI_INST/openurl?u.ignore_date_coverage=true&amp;rft.mms_id=991036722869903811</subfield><subfield code='e'>ProQuest</subfield><subfield code='g'> Available from 1811 until 1811.</subfield><subfield code='c'>ProQuest American Periodical Series</subfield><subfield code='h'>612550000000000030</subfield><subfield code='8'>53345864050003811</subfield></datafield><datafield ind1=' ' ind2=' ' tag='PRT'><subfield code='a'>53347417350003811</subfield><subfield code='b'>https://sandbox01-na.alma.exlibrisgroup.com/view/uresolver/01TULI_INST/openurl?u.ignore_date_coverage=true&amp;rft.mms_id=991036722869903811</subfield><subfield code='e'>Galegroup</subfield><subfield code='g'> Available from 1792 until 1792.</subfield><subfield code='c'>Gale Cengage 17th and 18th Century Burney Collection Newspapers</subfield><subfield code='h'>611000000000002458</subfield><subfield code='8'>53347417350003811</subfield></datafield></record>