
<record xmlns='http://www.loc.gov/MARC21/slim'><leader>01330nas  2200325 a 4500</leader><controlfield tag='001'>991036722714803811</controlfield><controlfield tag='005'>20121022200501.0</controlfield><controlfield tag='006'>m     o  d        </controlfield><controlfield tag='007'>cr an|</controlfield><controlfield tag='008'>030313d18231824nyuwr pso     0    0eng c</controlfield><datafield ind1=' ' ind2=' ' tag='010'><subfield code='a'>  2008266904</subfield></datafield><datafield ind1=' ' ind2=' ' tag='035'><subfield code='a'>(OCoLC)51852002</subfield></datafield><datafield ind1=' ' ind2=' ' tag='035'><subfield code='a'>(CKB)1000000000236994</subfield></datafield><datafield ind1=' ' ind2=' ' tag='035'><subfield code='a'>(CONSER)  2008266904</subfield></datafield><datafield ind1=' ' ind2=' ' tag='035'><subfield code='a'>(EXLCZ)991000000000236994</subfield></datafield><datafield ind1=' ' ind2=' ' tag='042'><subfield code='a'>pcc</subfield></datafield><datafield ind1=' ' ind2=' ' tag='043'><subfield code='a'>n-us---</subfield></datafield><datafield ind1='1' ind2='4' tag='050'><subfield code='a'>AP2</subfield></datafield><datafield ind1='0' ind2=' ' tag='130'><subfield code='a'>Miscellaneous cabinet (Online)</subfield></datafield><datafield ind1='1' ind2='0' tag='245'><subfield code='a'>Miscellaneous cabinet</subfield><subfield code='h'>[electronic resource].</subfield></datafield><datafield ind1=' ' ind2=' ' tag='246'><subfield code='a'>Miscellaneous Cabinet</subfield></datafield><datafield ind1=' ' ind2=' ' tag='246'><subfield code='a'>Miscellaneous Cabinet (1823-1824)</subfield></datafield><datafield ind1=' ' ind2=' ' tag='260'><subfield code='a'>[Schenectady, N.Y. :</subfield><subfield code='b'>s.n.],</subfield><subfield code='c'>1823-1824.</subfield></datafield><datafield ind1=' ' ind2=' ' tag='310'><subfield code='a'>Weekly</subfield></datafield><datafield ind1='0' ind2=' ' tag='362'><subfield code='a'>[Vol. 1, no. 1] (July 12, 1823)-v. 1, no. 26 (Jan. 3, 1824).</subfield></datafield><datafield ind1=' ' ind2=' ' tag='500'><subfield code='a'>Title from pdf caption (ProQuest APS Online, viewed Dec. 5, 2008).</subfield></datafield><datafield ind1=' ' ind2=' ' tag='538'><subfield code='a'>Mode of access: World Wide Web.</subfield></datafield><datafield ind1=' ' ind2='0' tag='650'><subfield code='a'>American literature</subfield><subfield code='y'>19th century</subfield><subfield code='v'>Periodicals.</subfield></datafield><datafield ind1=' ' ind2='0' tag='650'><subfield code='a'>American poetry</subfield><subfield code='y'>19th century</subfield><subfield code='v'>Periodicals.</subfield></datafield><datafield ind1=' ' ind2=' ' tag='906'><subfield code='a'>JOURNAL</subfield></datafield><datafield ind1=' ' ind2=' ' tag='PRT'><subfield code='a'>53345843120003811</subfield><subfield code='b'>https://sandbox01-na.alma.exlibrisgroup.com/view/uresolver/01TULI_INST/openurl?u.ignore_date_coverage=true&amp;rft.mms_id=991036722714803811</subfield><subfield code='e'>ProQuest</subfield><subfield code='g'> Available from 1823 until 1824.</subfield><subfield code='c'>ProQuest American Periodical Series</subfield><subfield code='h'>612550000000000030</subfield><subfield code='8'>53345843120003811</subfield></datafield><datafield ind1=' ' ind2=' ' tag='PRT'><subfield code='a'>53409103990003811</subfield><subfield code='b'>https://sandbox01-na.alma.exlibrisgroup.com/view/uresolver/01TULI_INST/openurl?u.ignore_date_coverage=true&amp;rft.mms_id=991036722714803811</subfield><subfield code='e'>EBSCOhost</subfield><subfield code='g'> Available from 1823 until 1824.</subfield><subfield code='c'>EBSCOhost American Antiquarian Society Historical Periodicals Collection: Series 2</subfield><subfield code='h'>613450000000000055</subfield><subfield code='8'>53409103990003811</subfield></datafield></record>