
<record xmlns='http://www.loc.gov/MARC21/slim'><leader>01251nas  2200337 a 4500</leader><controlfield tag='001'>991036722815403811</controlfield><controlfield tag='005'>20121023165221.0</controlfield><controlfield tag='006'>m     o  d        </controlfield><controlfield tag='007'>cr an|</controlfield><controlfield tag='008'>021119d18061807ctuex pso     0    0eng c</controlfield><datafield ind1=' ' ind2=' ' tag='010'><subfield code='a'>  2007233847</subfield></datafield><datafield ind1=' ' ind2=' ' tag='035'><subfield code='a'>(OCoLC)51035805</subfield></datafield><datafield ind1=' ' ind2=' ' tag='035'><subfield code='a'>(CKB)1000000000236627</subfield></datafield><datafield ind1=' ' ind2=' ' tag='035'><subfield code='a'>(CONSER)  2007233847</subfield></datafield><datafield ind1=' ' ind2=' ' tag='035'><subfield code='a'>(EXLCZ)991000000000236627</subfield></datafield><datafield ind1=' ' ind2=' ' tag='042'><subfield code='a'>pcc</subfield></datafield><datafield ind1=' ' ind2=' ' tag='043'><subfield code='a'>n-us---</subfield></datafield><datafield ind1='1' ind2='4' tag='050'><subfield code='a'>AP2.A2</subfield></datafield><datafield ind1='0' ind2=' ' tag='130'><subfield code='a'>Literary cabinet (Online)</subfield></datafield><datafield ind1='1' ind2='0' tag='245'><subfield code='a'>Literary cabinet</subfield><subfield code='h'>[electronic resource].</subfield></datafield><datafield ind1=' ' ind2=' ' tag='246'><subfield code='a'>Literary Cabinet</subfield></datafield><datafield ind1=' ' ind2=' ' tag='246'><subfield code='a'>Literary Cabinet (1806-1807)</subfield></datafield><datafield ind1=' ' ind2=' ' tag='260'><subfield code='a'>New Haven, Conn. :</subfield><subfield code='b'>O. Steele &amp; Co.,</subfield><subfield code='c'>1806-1807.</subfield></datafield><datafield ind1=' ' ind2=' ' tag='310'><subfield code='a'>Biweekly (irregular)</subfield></datafield><datafield ind1='0' ind2=' ' tag='362'><subfield code='a'>Vol. 1, no. 1 (Nov. 15, 1806)-v. 1, no. 20 (Oct. 31, 1807).</subfield></datafield><datafield ind1=' ' ind2=' ' tag='500'><subfield code='a'>Title from pdf caption (ProQuest APS Online, viewed Nov. 26, 2007).</subfield></datafield><datafield ind1=' ' ind2=' ' tag='500'><subfield code='a'>Editors: 1806-1807, members of the senior class, Yale College.</subfield></datafield><datafield ind1=' ' ind2=' ' tag='538'><subfield code='a'>Mode of access: World Wide Web.</subfield></datafield><datafield ind1='1' ind2='0' tag='610'><subfield code='a'>Yale College (1718-1887)</subfield><subfield code='v'>Periodicals.</subfield></datafield><datafield ind1=' ' ind2='0' tag='650'><subfield code='a'>College students&apos; writings</subfield><subfield code='v'>Periodicals.</subfield></datafield><datafield ind1='2' ind2=' ' tag='710'><subfield code='a'>Yale College (1718-1887)</subfield></datafield><datafield ind1=' ' ind2=' ' tag='906'><subfield code='a'>JOURNAL</subfield></datafield><datafield ind1=' ' ind2=' ' tag='PRT'><subfield code='a'>53345853170003811</subfield><subfield code='b'>https://sandbox01-na.alma.exlibrisgroup.com/view/uresolver/01TULI_INST/openurl?u.ignore_date_coverage=true&amp;rft.mms_id=991036722815403811</subfield><subfield code='e'>ProQuest</subfield><subfield code='g'> Available from 1806 until 1807.</subfield><subfield code='c'>ProQuest American Periodical Series</subfield><subfield code='h'>612550000000000030</subfield><subfield code='8'>53345853170003811</subfield></datafield></record>