
<record xmlns='http://www.loc.gov/MARC21/slim'><leader>01719nas  2200325 a 4500</leader><controlfield tag='001'>991036722869603811</controlfield><controlfield tag='005'>20121024093314.0</controlfield><controlfield tag='006'>m     o  d        </controlfield><controlfield tag='007'>cr anu</controlfield><controlfield tag='008'>060323d18151815nyuwr pso     0    0eng c</controlfield><datafield ind1=' ' ind2=' ' tag='010'><subfield code='a'>  2007233647</subfield></datafield><datafield ind1=' ' ind2=' ' tag='035'><subfield code='a'>(OCoLC)65190613</subfield></datafield><datafield ind1=' ' ind2=' ' tag='035'><subfield code='a'>(CKB)1000000000237287</subfield></datafield><datafield ind1=' ' ind2=' ' tag='035'><subfield code='a'>(CONSER)  2007233647</subfield></datafield><datafield ind1=' ' ind2=' ' tag='035'><subfield code='a'>(EXLCZ)991000000000237287</subfield></datafield><datafield ind1=' ' ind2=' ' tag='042'><subfield code='a'>pcc</subfield></datafield><datafield ind1='1' ind2='4' tag='050'><subfield code='a'>AP2 .A2</subfield></datafield><datafield ind1='0' ind2=' ' tag='130'><subfield code='a'>Youth&apos;s cabinet (Online)</subfield></datafield><datafield ind1='1' ind2='0' tag='245'><subfield code='a'>Youth&apos;s cabinet</subfield><subfield code='h'>[electronic resource].</subfield></datafield><datafield ind1=' ' ind2=' ' tag='246'><subfield code='a'>Youth&apos;s Cabinet</subfield></datafield><datafield ind1=' ' ind2=' ' tag='246'><subfield code='a'>Youth&apos;s Cabinet (1815-1815)</subfield></datafield><datafield ind1=' ' ind2=' ' tag='260'><subfield code='a'>Utica, N.Y. :</subfield><subfield code='b'>[s.n.],</subfield><subfield code='c'>1815.</subfield></datafield><datafield ind1=' ' ind2=' ' tag='310'><subfield code='a'>Weekly</subfield></datafield><datafield ind1='0' ind2=' ' tag='362'><subfield code='a'>Vol. 1, no. 1 (Mar. 31, 1815)-v. 1, no. 4 (Apr. 21, 1815).</subfield></datafield><datafield ind1=' ' ind2=' ' tag='500'><subfield code='a'>Title from pdf caption (ProQuest APS Online, viewed Sept. 27, 2007).</subfield></datafield><datafield ind1=' ' ind2=' ' tag='538'><subfield code='a'>Mode of access: World Wide Web.</subfield></datafield><datafield ind1=' ' ind2='0' tag='650'><subfield code='a'>Literature, Modern</subfield><subfield code='y'>19th century</subfield><subfield code='v'>Periodicals.</subfield></datafield><datafield ind1=' ' ind2=' ' tag='906'><subfield code='a'>BOOK</subfield></datafield><datafield ind1=' ' ind2=' ' tag='PRT'><subfield code='a'>53409158540003811</subfield><subfield code='b'>https://sandbox01-na.alma.exlibrisgroup.com/view/uresolver/01TULI_INST/openurl?u.ignore_date_coverage=true&amp;rft.mms_id=991036722869603811</subfield><subfield code='e'>EBSCOhost</subfield><subfield code='g'> Available from 1838 until 1843.</subfield><subfield code='c'>EBSCOhost American Antiquarian Society Historical Periodicals Collection: Series 3</subfield><subfield code='h'>613450000000000056</subfield><subfield code='8'>53409158540003811</subfield></datafield><datafield ind1=' ' ind2=' ' tag='PRT'><subfield code='a'>53409112800003811</subfield><subfield code='b'>https://sandbox01-na.alma.exlibrisgroup.com/view/uresolver/01TULI_INST/openurl?u.ignore_date_coverage=true&amp;rft.mms_id=991036722869603811</subfield><subfield code='e'>EBSCOhost</subfield><subfield code='g'> Available from 1844 until 1847.</subfield><subfield code='c'>EBSCOhost American Antiquarian Society Historical Periodicals Collection: Series 3</subfield><subfield code='h'>613450000000000056</subfield><subfield code='8'>53409112800003811</subfield></datafield><datafield ind1=' ' ind2=' ' tag='PRT'><subfield code='a'>53345869950003811</subfield><subfield code='b'>https://sandbox01-na.alma.exlibrisgroup.com/view/uresolver/01TULI_INST/openurl?u.ignore_date_coverage=true&amp;rft.mms_id=991036722869603811</subfield><subfield code='e'>ProQuest</subfield><subfield code='g'> Available from 1815 until 1815.</subfield><subfield code='c'>ProQuest American Periodical Series</subfield><subfield code='h'>612550000000000030</subfield><subfield code='8'>53345869950003811</subfield></datafield><datafield ind1=' ' ind2=' ' tag='PRT'><subfield code='a'>53409112820003811</subfield><subfield code='b'>https://sandbox01-na.alma.exlibrisgroup.com/view/uresolver/01TULI_INST/openurl?u.ignore_date_coverage=true&amp;rft.mms_id=991036722869603811</subfield><subfield code='e'>EBSCOhost</subfield><subfield code='g'> Available from 1847 until 1847.</subfield><subfield code='c'>EBSCOhost American Antiquarian Society Historical Periodicals Collection: Series 3</subfield><subfield code='h'>613450000000000056</subfield><subfield code='8'>53409112820003811</subfield></datafield><datafield ind1=' ' ind2=' ' tag='PRT'><subfield code='a'>53409106550003811</subfield><subfield code='b'>https://sandbox01-na.alma.exlibrisgroup.com/view/uresolver/01TULI_INST/openurl?u.ignore_date_coverage=true&amp;rft.mms_id=991036722869603811</subfield><subfield code='e'>EBSCOhost</subfield><subfield code='g'> Available from 1837 until 1837.</subfield><subfield code='c'>EBSCOhost American Antiquarian Society Historical Periodicals Collection: Series 2</subfield><subfield code='h'>613450000000000055</subfield><subfield code='8'>53409106550003811</subfield></datafield></record>