
<record xmlns='http://www.loc.gov/MARC21/slim'><leader>02026cas a2200553 a 4500</leader><controlfield tag='005'>20180315121836.0</controlfield><controlfield tag='008'>000807c20009999nyuqr p       0   a0eng d</controlfield><controlfield tag='001'>991012454069703811</controlfield><datafield ind1=' ' ind2=' ' tag='010'><subfield code='a'>00213995</subfield></datafield><datafield ind1='0' ind2=' ' tag='022'><subfield code='a'>1531-1430</subfield></datafield><datafield ind1=' ' ind2=' ' tag='035'><subfield code='a'>(PPT)b30057450-01tuli_inst</subfield></datafield><datafield ind1=' ' ind2=' ' tag='035'><subfield code='a'>(CStRLIN)ocn491602458</subfield><subfield code='9'>ExL</subfield></datafield><datafield ind1=' ' ind2=' ' tag='035'><subfield code='a'>PPTb30057450</subfield></datafield><datafield ind1=' ' ind2=' ' tag='035'><subfield code='a'>ocm44735602</subfield></datafield><datafield ind1=' ' ind2=' ' tag='035'><subfield code='a'>(OCLC)ocm44735602</subfield></datafield><datafield ind1=' ' ind2=' ' tag='037'><subfield code='b'>Immaterial Inc., 181 Wyckoff Street, Brooklyn, N.Y. 11217</subfield><subfield code='c'>$8.00 (single issue)</subfield></datafield><datafield ind1=' ' ind2=' ' tag='040'><subfield code='a'>NSDP</subfield><subfield code='c'>NSDP</subfield><subfield code='d'>NN</subfield><subfield code='d'>OrU</subfield><subfield code='d'>DLC</subfield><subfield code='d'>NSDP</subfield><subfield code='d'>DLC</subfield><subfield code='d'>NSDP</subfield><subfield code='d'>CLU</subfield><subfield code='d'>DLC</subfield><subfield code='d'>InU</subfield><subfield code='d'>DLC</subfield><subfield code='d'>InU</subfield><subfield code='d'>DLC</subfield></datafield><datafield ind1=' ' ind2=' ' tag='042'><subfield code='a'>lc</subfield><subfield code='a'>nsdp</subfield></datafield><datafield ind1=' ' ind2=' ' tag='079'><subfield code='a'>ocm44735602</subfield></datafield><datafield ind1=' ' ind2=' ' tag='090'><subfield code='a'>NX456</subfield><subfield code='b'>.C25</subfield></datafield><datafield ind1='0' ind2=' ' tag='130'><subfield code='a'>Cabinet (Brooklyn, New York, N.Y.)</subfield></datafield><datafield ind1='0' ind2=' ' tag='210'><subfield code='a'>Cabinet</subfield><subfield code='b'>(Brooklyn N. Y.)</subfield></datafield><datafield ind1=' ' ind2='0' tag='222'><subfield code='a'>Cabinet</subfield><subfield code='b'>(Brooklyn, N.Y.)</subfield></datafield><datafield ind1='0' ind2='0' tag='245'><subfield code='a'>Cabinet.</subfield></datafield><datafield ind1=' ' ind2=' ' tag='260'><subfield code='a'>Brooklyn, N.Y. :</subfield><subfield code='b'>Immaterial Inc.,</subfield><subfield code='c'>2000-</subfield></datafield><datafield ind1=' ' ind2=' ' tag='300'><subfield code='a'>v. :</subfield><subfield code='b'>ill. (some col.) ;</subfield><subfield code='c'>25 cm.</subfield></datafield><datafield ind1=' ' ind2=' ' tag='310'><subfield code='a'>Quarterly</subfield></datafield><datafield ind1='0' ind2=' ' tag='362'><subfield code='a'>Issue 1 (winter 2000)-</subfield></datafield><datafield ind1=' ' ind2=' ' tag='500'><subfield code='a'>Title from cover.</subfield></datafield><datafield ind1=' ' ind2=' ' tag='500'><subfield code='a'>&quot;A quarterly magazine of art and culture&quot;.</subfield></datafield><datafield ind1=' ' ind2=' ' tag='500'><subfield code='a'>Latest issue consulted: Issue 22 (summer 2006).</subfield></datafield><datafield ind1=' ' ind2=' ' tag='515'><subfield code='a'>Issue 16 lacks chronological designation.</subfield></datafield><datafield ind1=' ' ind2=' ' tag='525'><subfield code='a'>Some issues include supplementary CD.</subfield></datafield><datafield ind1=' ' ind2='0' tag='650'><subfield code='a'>Arts, Modern</subfield><subfield code='y'>20th century</subfield><subfield code='v'>Periodicals.</subfield></datafield><datafield ind1=' ' ind2='0' tag='650'><subfield code='a'>Arts, Modern</subfield><subfield code='y'>21st century</subfield><subfield code='v'>Periodicals.</subfield></datafield><datafield ind1=' ' ind2=' ' tag='907'><subfield code='a'>.b30057450</subfield><subfield code='b'>p    </subfield><subfield code='c'>-</subfield></datafield><datafield ind1=' ' ind2=' ' tag='945'><subfield code='l'>pstk </subfield><subfield code='u'>v.no.21-24 (Spr.2006-Win.2007)</subfield><subfield code='g'>1</subfield></datafield><datafield ind1=' ' ind2=' ' tag='945'><subfield code='l'>pstk </subfield><subfield code='u'>v.no.26-28 (Sum.-Win.2007)</subfield><subfield code='g'>1</subfield></datafield><datafield ind1=' ' ind2=' ' tag='945'><subfield code='l'>pstk </subfield><subfield code='u'>v.no.29-32 (Spr.2008-Win.2009)</subfield><subfield code='g'>1</subfield></datafield><datafield ind1=' ' ind2=' ' tag='945'><subfield code='l'>pstk </subfield><subfield code='u'>v.no.33-36 (Spr.2009-Win.2010)</subfield><subfield code='g'>1</subfield></datafield><datafield ind1=' ' ind2=' ' tag='945'><subfield code='l'>pstk </subfield><subfield code='u'>v.no.37-40 (Spr.2010-Win.2011); Missing no.38</subfield><subfield code='g'>1</subfield></datafield><datafield ind1=' ' ind2=' ' tag='945'><subfield code='l'>pstk </subfield><subfield code='u'>v.no.41-44 (Spr.2011-Win.2012)</subfield><subfield code='g'>1</subfield></datafield><datafield ind1=' ' ind2=' ' tag='945'><subfield code='l'>pstk </subfield><subfield code='u'>v.no.45-48 (Spr.-Win.2013)</subfield><subfield code='g'>1</subfield></datafield><datafield ind1=' ' ind2=' ' tag='945'><subfield code='l'>pstk </subfield><subfield code='u'>v.no.49-52 (Spr.2013-Win.2014)</subfield><subfield code='g'>1</subfield></datafield><datafield ind1=' ' ind2=' ' tag='945'><subfield code='l'>pstk </subfield><subfield code='u'>v.no.53-56  (Spr.2014-Win.2015)</subfield><subfield code='g'>1</subfield></datafield><datafield ind1=' ' ind2=' ' tag='950'><subfield code='f'>PER</subfield></datafield><datafield ind1=' ' ind2=' ' tag='979'><subfield code='a'>ocm44735602</subfield></datafield><datafield ind1=' ' ind2=' ' tag='998'><subfield code='b'>0</subfield><subfield code='c'>061031</subfield><subfield code='d'>s</subfield><subfield code='e'>a</subfield><subfield code='f'>-</subfield><subfield code='g'>0</subfield></datafield><datafield ind1=' ' ind2=' ' tag='998'><subfield code='a'>10/31/06</subfield><subfield code='s'>LC</subfield><subfield code='c'>MRTL</subfield></datafield><datafield ind1=' ' ind2=' ' tag='ADM'><subfield code='b'>2018-03-15 16:18:36</subfield><subfield code='e'>b30057450-01tuli_inst</subfield><subfield code='d'>ILS</subfield><subfield code='a'>2017-06-20 07:28:48</subfield><subfield code='c'>false</subfield></datafield><datafield ind1='0' ind2=' ' tag='HLD'><subfield code='b'>MAIN</subfield><subfield code='c'>serials</subfield><subfield code='h'>NX456</subfield><subfield code='i'>.C25</subfield><subfield code='x'>NOTE(CHECKIN): Paley Current Periodicals     *****location changed from Tyler to Paley in 1/09***** | FREQUENCY: q | SCODE3: - | VEN TITLE#: RB474100032163205610</subfield><subfield code='8'>22267209830003811</subfield></datafield><datafield ind1='0' ind2=' ' tag='HLD'><subfield code='b'>MAIN</subfield><subfield code='c'>stacks</subfield><subfield code='h'>NX456</subfield><subfield code='i'>.C25</subfield><subfield code='8'>22267209820003811</subfield></datafield><datafield ind1=' ' ind2=' ' tag='ITM'><subfield code='r'>22267209820003811</subfield><subfield code='b'>1</subfield><subfield code='h'>0</subfield><subfield code='g'>stacks</subfield><subfield code='t'>ISSUE</subfield><subfield code='9'>39074027145135</subfield><subfield code='e'>stacks</subfield><subfield code='8'>23267209790003811</subfield><subfield code='c'>no.33-36 (Spr.2009-Win.2010)</subfield><subfield code='a'>2</subfield><subfield code='q'>2017-06-20 07:28:48</subfield><subfield code='i'>NX456 .C25</subfield><subfield code='d'>MAIN</subfield><subfield code='f'>MAIN</subfield></datafield><datafield ind1=' ' ind2=' ' tag='ITM'><subfield code='r'>22267209820003811</subfield><subfield code='b'>1</subfield><subfield code='h'>0</subfield><subfield code='g'>stacks</subfield><subfield code='t'>ISSUE</subfield><subfield code='9'>39074027145143</subfield><subfield code='e'>stacks</subfield><subfield code='8'>23267209800003811</subfield><subfield code='c'>no.29-32 (Spr.2008-Win.2009)</subfield><subfield code='a'>2</subfield><subfield code='q'>2017-06-20 07:28:48</subfield><subfield code='i'>NX456 .C25</subfield><subfield code='d'>MAIN</subfield><subfield code='f'>MAIN</subfield></datafield><datafield ind1=' ' ind2=' ' tag='ITM'><subfield code='r'>22267209820003811</subfield><subfield code='b'>1</subfield><subfield code='h'>0</subfield><subfield code='g'>stacks</subfield><subfield code='t'>ISSUE</subfield><subfield code='9'>39074027799873</subfield><subfield code='e'>stacks</subfield><subfield code='8'>23267209720003811</subfield><subfield code='c'>no.41-44 (Spr.2011-Win.2012)</subfield><subfield code='a'>2</subfield><subfield code='q'>2017-06-20 07:28:48</subfield><subfield code='i'>NX456 .C25</subfield><subfield code='d'>MAIN</subfield><subfield code='f'>MAIN</subfield></datafield><datafield ind1=' ' ind2=' ' tag='ITM'><subfield code='r'>22267209820003811</subfield><subfield code='b'>1</subfield><subfield code='h'>0</subfield><subfield code='g'>stacks</subfield><subfield code='t'>ISSUE</subfield><subfield code='9'>39074023062805</subfield><subfield code='e'>stacks</subfield><subfield code='8'>23267209700003811</subfield><subfield code='c'>no.26-28 (Sum.-Win.2007)</subfield><subfield code='a'>2</subfield><subfield code='q'>2017-06-20 07:28:48</subfield><subfield code='i'>NX456 .C25</subfield><subfield code='d'>MAIN</subfield><subfield code='f'>MAIN</subfield></datafield><datafield ind1=' ' ind2=' ' tag='ITM'><subfield code='r'>22267209820003811</subfield><subfield code='b'>1</subfield><subfield code='h'>0</subfield><subfield code='g'>stacks</subfield><subfield code='t'>ISSUE</subfield><subfield code='9'>39074023025489</subfield><subfield code='e'>stacks</subfield><subfield code='8'>23267209710003811</subfield><subfield code='c'>no.21-24 (Spr.2006-Win.2007)</subfield><subfield code='a'>2</subfield><subfield code='q'>2017-06-20 07:28:48</subfield><subfield code='i'>NX456 .C25</subfield><subfield code='d'>MAIN</subfield><subfield code='f'>MAIN</subfield></datafield><datafield ind1=' ' ind2=' ' tag='ITM'><subfield code='r'>22267209830003811</subfield><subfield code='b'>1</subfield><subfield code='h'>0</subfield><subfield code='g'>serials</subfield><subfield code='t'>ISSUE</subfield><subfield code='e'>serials</subfield><subfield code='8'>23400937350003811</subfield><subfield code='c'>no.62 (Fal. 2016-Win. 2017)</subfield><subfield code='a'>2</subfield><subfield code='q'>2017-09-19 19:09:23</subfield><subfield code='i'>NX456 .C25</subfield><subfield code='d'>MAIN</subfield><subfield code='f'>MAIN</subfield></datafield><datafield ind1=' ' ind2=' ' tag='ITM'><subfield code='r'>22267209820003811</subfield><subfield code='b'>1</subfield><subfield code='h'>0</subfield><subfield code='g'>stacks</subfield><subfield code='t'>ISSUE</subfield><subfield code='9'>39074030835680</subfield><subfield code='e'>stacks</subfield><subfield code='8'>23267209730003811</subfield><subfield code='c'>no.45-48 (Spr.-Win.2013)</subfield><subfield code='a'>2</subfield><subfield code='q'>2017-06-20 07:28:48</subfield><subfield code='i'>NX456 .C25</subfield><subfield code='d'>MAIN</subfield><subfield code='f'>MAIN</subfield></datafield><datafield ind1=' ' ind2=' ' tag='ITM'><subfield code='r'>22267209820003811</subfield><subfield code='b'>1</subfield><subfield code='h'>0</subfield><subfield code='g'>stacks</subfield><subfield code='t'>ISSUE</subfield><subfield code='9'>39074027860048</subfield><subfield code='e'>stacks</subfield><subfield code='8'>23267209810003811</subfield><subfield code='c'>no.49-52 (Spr.2013-Win.2014)</subfield><subfield code='a'>2</subfield><subfield code='q'>2017-06-20 07:28:48</subfield><subfield code='i'>NX456 .C25</subfield><subfield code='d'>MAIN</subfield><subfield code='f'>MAIN</subfield></datafield><datafield ind1=' ' ind2=' ' tag='ITM'><subfield code='r'>22267209820003811</subfield><subfield code='b'>1</subfield><subfield code='h'>0</subfield><subfield code='g'>stacks</subfield><subfield code='t'>ISSUE</subfield><subfield code='9'>39074027157684</subfield><subfield code='e'>stacks</subfield><subfield code='8'>23267209740003811</subfield><subfield code='c'>no.37-40 (Spr.2010-Win.2011)  Missing no.38</subfield><subfield code='a'>2</subfield><subfield code='q'>2017-06-20 07:28:48</subfield><subfield code='i'>NX456 .C25</subfield><subfield code='d'>MAIN</subfield><subfield code='f'>MAIN</subfield></datafield><datafield ind1=' ' ind2=' ' tag='ITM'><subfield code='r'>22267209820003811</subfield><subfield code='b'>1</subfield><subfield code='h'>0</subfield><subfield code='g'>stacks</subfield><subfield code='t'>ISSUE</subfield><subfield code='9'>39074027875616</subfield><subfield code='e'>stacks</subfield><subfield code='8'>23267209760003811</subfield><subfield code='c'>no.53-56  (Spr.2014-Win.2015)</subfield><subfield code='a'>2</subfield><subfield code='q'>2017-06-20 07:28:48</subfield><subfield code='i'>NX456 .C25</subfield><subfield code='d'>MAIN</subfield><subfield code='f'>MAIN</subfield></datafield><datafield ind1=' ' ind2=' ' tag='ITM'><subfield code='r'>22267209830003811</subfield><subfield code='b'>1</subfield><subfield code='h'>0</subfield><subfield code='g'>serials</subfield><subfield code='t'>ISSUE</subfield><subfield code='e'>serials</subfield><subfield code='8'>23409569700003811</subfield><subfield code='c'>no.64 (Sum. 2017)</subfield><subfield code='a'>2</subfield><subfield code='q'>2018-01-30 20:50:33</subfield><subfield code='i'>NX456 .C25</subfield><subfield code='d'>MAIN</subfield><subfield code='f'>MAIN</subfield></datafield><datafield ind1=' ' ind2=' ' tag='ITM'><subfield code='r'>22267209830003811</subfield><subfield code='b'>1</subfield><subfield code='h'>0</subfield><subfield code='g'>serials</subfield><subfield code='t'>ISSUE</subfield><subfield code='e'>serials</subfield><subfield code='8'>23401139230003811</subfield><subfield code='c'>no.63 (Spr. 2017)</subfield><subfield code='a'>2</subfield><subfield code='q'>2017-09-25 19:49:45</subfield><subfield code='i'>NX456 .C25</subfield><subfield code='d'>MAIN</subfield><subfield code='f'>MAIN</subfield></datafield></record>