
<record xmlns='http://www.loc.gov/MARC21/slim'><leader>02597ngm a2200589Ic 4500</leader><controlfield tag='005'>20180326185419.0</controlfield><controlfield tag='006'>m|||||o||c||||||||</controlfield><controlfield tag='007'>vz|czazuu</controlfield><controlfield tag='007'>cr|cna</controlfield><controlfield tag='008'>180126p20152011nyu000||||||||o|||v|eng|d</controlfield><controlfield tag='001'>991036865884903811</controlfield><datafield ind1='4' ind2='0' tag='028'><subfield code='a'>70796</subfield><subfield code='b'>Infobase</subfield></datafield><datafield ind1='4' ind2='0' tag='028'><subfield code='a'>[71245]s</subfield><subfield code='b'>Infobase</subfield></datafield><datafield ind1=' ' ind2=' ' tag='035'><subfield code='a'>100070796</subfield></datafield><datafield ind1=' ' ind2=' ' tag='035'><subfield code='a'>(FOD)100070796</subfield></datafield><datafield ind1=' ' ind2=' ' tag='040'><subfield code='a'>AzPhAEM</subfield><subfield code='b'>eng</subfield><subfield code='e'>rda</subfield></datafield><datafield ind1='0' ind2=' ' tag='041'><subfield code='a'>eng</subfield><subfield code='h'>eng</subfield></datafield><datafield ind1=' ' ind2=' ' tag='046'><subfield code='k'>2011</subfield></datafield><datafield ind1='0' ind2='4' tag='245'><subfield code='a'>Cabinet Meetings :</subfield><subfield code='c'>INTELECOM (Firm).</subfield></datafield><datafield ind1=' ' ind2='1' tag='264'><subfield code='a'>[Place of publication not identified] : </subfield><subfield code='b'>INTELECOM (Firm), </subfield><subfield code='c'>[2011]</subfield></datafield><datafield ind1='3' ind2='2' tag='264'><subfield code='a'>New York, N.Y. :</subfield><subfield code='b'>Distributed by Infobase, </subfield><subfield code='c'>2015.</subfield></datafield><datafield ind1=' ' ind2='4' tag='264'><subfield code='c'>©2011</subfield></datafield><datafield ind1=' ' ind2=' ' tag='300'><subfield code='a'>1 online resource (1 video file (48 sec)) :</subfield><subfield code='b'>sound, color.</subfield></datafield><datafield ind1=' ' ind2=' ' tag='336'><subfield code='a'>two-dimensional moving image</subfield><subfield code='b'>tdi</subfield><subfield code='2'>rdacontent</subfield></datafield><datafield ind1=' ' ind2=' ' tag='337'><subfield code='a'>computer</subfield><subfield code='b'>c</subfield><subfield code='2'>rdamedia</subfield></datafield><datafield ind1=' ' ind2=' ' tag='338'><subfield code='a'>online resource</subfield><subfield code='b'>cr</subfield><subfield code='2'>rdacarrier</subfield></datafield><datafield ind1=' ' ind2=' ' tag='347'><subfield code='a'>video file</subfield><subfield code='2'>rda</subfield></datafield><datafield ind1='1' ind2=' ' tag='490'><subfield code='a'>Luminaries</subfield></datafield><datafield ind1=' ' ind2=' ' tag='500'><subfield code='a'>Originally released by INTELECOM (Firm), 2011.</subfield></datafield><datafield ind1=' ' ind2=' ' tag='500'><subfield code='a'>Streaming video file encoded with permission for digital streaming by Infobase on April 18, 2015.</subfield></datafield><datafield ind1='0' ind2='0' tag='505'><subfield code='t'>Cabinet Meetings (1:00); </subfield></datafield><datafield ind1='1' ind2=' ' tag='506'><subfield code='a'>Access requires authentication through Films On Demand.</subfield></datafield><datafield ind1=' ' ind2=' ' tag='520'><subfield code='a'>Former Secretary of Labor and university professor Robert Reich reveals that, while there were &quot;relatively few&quot; Cabinet meetings in the Clinton White House, there were a lot of what he calls &quot;sub-cabinet meetings.&quot; &quot;That is,&quot; Secretary Reich explains, &quot;those of us cabinet members who had a particular interest in a particular area of public policy--like the domestic economy--we got together all the time...&quot;</subfield></datafield><datafield ind1='2' ind2=' ' tag='521'><subfield code='a'>9 - 12</subfield></datafield><datafield ind1=' ' ind2=' ' tag='538'><subfield code='a'>Streaming video file.</subfield></datafield><datafield ind1=' ' ind2=' ' tag='538'><subfield code='a'>System requirements: Films On Demand platform.</subfield></datafield><datafield ind1=' ' ind2=' ' tag='546'><subfield code='a'>Closed-captioned.</subfield></datafield><datafield ind1=' ' ind2=' ' tag='588'><subfield code='a'>Title from distributor&apos;s description</subfield></datafield><datafield ind1=' ' ind2=' ' tag='590'><subfield code='a'>Access is available to the Temple Community through use of a networked computer with a Temple IP address.</subfield></datafield><datafield ind1=' ' ind2='0' tag='650'><subfield code='a'>United States--History.</subfield></datafield><datafield ind1=' ' ind2='0' tag='650'><subfield code='a'>Civil rights.</subfield></datafield><datafield ind1=' ' ind2='0' tag='650'><subfield code='a'>Liberty.</subfield></datafield><datafield ind1=' ' ind2='0' tag='650'><subfield code='a'>U.S. states--Politics and government.</subfield></datafield><datafield ind1='0' ind2='7' tag='655'><subfield code='a'>Internet videos.</subfield><subfield code='2'>lcgft</subfield></datafield><datafield ind1=' ' ind2='0' tag='655'><subfield code='a'>Streaming video.</subfield></datafield><datafield ind1='2' ind2=' ' tag='710'><subfield code='a'>Infobase,</subfield><subfield code='e'>film distributor.</subfield></datafield><datafield ind1='2' ind2=' ' tag='710'><subfield code='a'>INTELECOM Intelligent Telecommunications (Firm)</subfield></datafield><datafield ind1='0' ind2=' ' tag='730'><subfield code='a'>Cabinet Meetings</subfield></datafield><datafield ind1=' ' ind2='0' tag='830'><subfield code='a'>Luminaries.</subfield></datafield><datafield ind1='4' ind2='0' tag='856'><subfield code='z'>Part of the Films On Demand collection.</subfield><subfield code='u'>http://libproxy.temple.edu/login?url=http://fod.infobase.com/PortalPlaylists.aspx?wID=103640&amp;xtid=70796</subfield></datafield><datafield ind1=' ' ind2=' ' tag='902'><subfield code='a'>Films on Demand 20180126</subfield></datafield><datafield ind1=' ' ind2=' ' tag='979'><subfield code='a'>100070796</subfield></datafield><datafield ind1=' ' ind2=' ' tag='PRT'><subfield code='a'>53409418050003811</subfield><subfield code='b'>https://sandbox01-na.alma.exlibrisgroup.com/view/uresolver/01TULI_INST/openurl?u.ignore_date_coverage=true&amp;rft.mms_id=991036865884903811</subfield><subfield code='c'>Films on Demand Streaming Video</subfield><subfield code='8'>53409418050003811</subfield></datafield></record>