
<record xmlns='http://www.loc.gov/MARC21/slim'><leader>02114cas a2200481 a 4500</leader><controlfield tag='005'>20180315124710.0</controlfield><controlfield tag='007'>hdrafb---baca</controlfield><controlfield tag='008'>920507d18061807miuuu p a     0   a0eng  </controlfield><controlfield tag='001'>991029106879703811</controlfield><datafield ind1=' ' ind2=' ' tag='010'><subfield code='a'>sf 88091048</subfield></datafield><datafield ind1=' ' ind2=' ' tag='035'><subfield code='a'>(PPT)b15992408-01tuli_inst</subfield></datafield><datafield ind1=' ' ind2=' ' tag='035'><subfield code='a'>(CStRLIN)ocn476786743</subfield><subfield code='9'>ExL</subfield></datafield><datafield ind1=' ' ind2=' ' tag='035'><subfield code='a'>PATG92-S03796</subfield></datafield><datafield ind1=' ' ind2=' ' tag='035'><subfield code='a'>ocm03862624</subfield></datafield><datafield ind1=' ' ind2=' ' tag='035'><subfield code='a'>(OCLC)ocm03862624</subfield></datafield><datafield ind1=' ' ind2=' ' tag='040'><subfield code='a'>DLC</subfield><subfield code='c'>OYU</subfield><subfield code='d'>m.c.</subfield><subfield code='d'>N</subfield><subfield code='d'>OCoLC</subfield><subfield code='d'>m/c</subfield><subfield code='d'>DLC</subfield><subfield code='d'>NST</subfield><subfield code='d'>CStRLIN</subfield><subfield code='d'>PPT</subfield></datafield><datafield ind1=' ' ind2=' ' tag='042'><subfield code='a'>lcd</subfield></datafield><datafield ind1=' ' ind2=' ' tag='079'><subfield code='a'>ocm03862624</subfield></datafield><datafield ind1=' ' ind2=' ' tag='099'><subfield code='a'>Micro- film AP II, 22</subfield></datafield><datafield ind1='0' ind2='0' tag='245'><subfield code='a'>Literary cabinet</subfield><subfield code='h'>[microform].</subfield></datafield><datafield ind1=' ' ind2=' ' tag='260'><subfield code='a'>[S.l. :</subfield><subfield code='b'>s.n.],</subfield><subfield code='c'>1806-1807 ;</subfield><subfield code='e'>(New-Haven, Conn. :</subfield><subfield code='f'>Printed for the editors by O. Steele &amp; Co. at the Herald office).</subfield></datafield><datafield ind1=' ' ind2=' ' tag='300'><subfield code='a'>1 v.</subfield></datafield><datafield ind1=' ' ind2=' ' tag='310'><subfield code='a'>Biweekly (irregular)</subfield></datafield><datafield ind1='0' ind2=' ' tag='362'><subfield code='a'>Vol. 1, no. 1 (Nov. 15, 1806)-v. 1, no. 20 (Oct. 31, 1807).</subfield></datafield><datafield ind1=' ' ind2=' ' tag='500'><subfield code='a'>Film incomplete: no. 19 (p. 145-152) wanting.</subfield></datafield><datafield ind1=' ' ind2=' ' tag='500'><subfield code='a'>Title from caption.</subfield></datafield><datafield ind1=' ' ind2=' ' tag='500'><subfield code='a'>Editors: 1806-1807, members of the senior class, Yale University.</subfield></datafield><datafield ind1=' ' ind2=' ' tag='533'><subfield code='a'>Microfilm.</subfield><subfield code='b'>Ann Arbor, Mich. :</subfield><subfield code='c'>University Microfilms,</subfield><subfield code='d'>1946.</subfield><subfield code='e'>1 microfilm reel ; 35 mm.</subfield><subfield code='f'>(American periodical series, 1800-1850 ; 22)</subfield></datafield><datafield ind1=' ' ind2=' ' tag='590'><subfield code='a'>Access to electronic version is available to the Temple Community through use of a networked computer with a Temple IP address.</subfield></datafield><datafield ind1=' ' ind2=' ' tag='530'><subfield code='a'>Also available online.</subfield></datafield><datafield ind1='2' ind2='0' tag='710'><subfield code='a'>Yale University.</subfield></datafield><datafield ind1='0' ind2=' ' tag='730'><subfield code='a'>Literary cabinet.</subfield></datafield><datafield ind1='1' ind2=' ' tag='776'><subfield code='t'>Literary cabinet</subfield><subfield code='w'>(OCoLC)17430346</subfield></datafield><datafield ind1=' ' ind2='0' tag='830'><subfield code='a'>American periodical series, 1800-1850 ;</subfield><subfield code='v'>22.</subfield></datafield><datafield ind1='4' ind2='1' tag='856'><subfield code='z'>Access full text via American Periodical Series Online (Search by publication title).</subfield><subfield code='u'>http://libproxy.temple.edu/login?url=http://proquest.umi.com/pqdweb?TS=1158939119&amp;clientId=8673&amp;RQT=316</subfield></datafield><datafield ind1=' ' ind2=' ' tag='907'><subfield code='a'>.b15992408</subfield><subfield code='b'>kmicr</subfield><subfield code='c'>-</subfield></datafield><datafield ind1=' ' ind2=' ' tag='935'><subfield code='a'>00655910</subfield></datafield><datafield ind1=' ' ind2=' ' tag='945'><subfield code='l'>kmicr</subfield><subfield code='g'>1</subfield></datafield><datafield ind1=' ' ind2=' ' tag='950'><subfield code='l'>MICRO</subfield><subfield code='b'>Micro- film AP 381</subfield><subfield code='v'>v.1;</subfield><subfield code='y'>1806-1807.</subfield><subfield code='f'>PER.</subfield><subfield code='h'>05/07/92 N</subfield></datafield><datafield ind1=' ' ind2=' ' tag='955'><subfield code='l'>MICRO</subfield><subfield code='c'>0:(v.1:1806)</subfield><subfield code='h'>05/07/92 C</subfield></datafield><datafield ind1=' ' ind2=' ' tag='979'><subfield code='a'>ocm03862624</subfield></datafield><datafield ind1=' ' ind2=' ' tag='998'><subfield code='b'>2</subfield><subfield code='c'>990101</subfield><subfield code='d'>s</subfield><subfield code='e'>a</subfield><subfield code='f'>-</subfield><subfield code='g'>0</subfield></datafield><datafield ind1=' ' ind2=' ' tag='998'><subfield code='a'>08/26/94</subfield><subfield code='t'>c</subfield><subfield code='s'>9110</subfield><subfield code='n'>PPT</subfield><subfield code='w'>DCLCSF8891048S</subfield><subfield code='d'>05/07/92</subfield><subfield code='c'>RM</subfield><subfield code='b'>EC</subfield><subfield code='i'>940826</subfield><subfield code='h'>920507</subfield><subfield code='l'>PATG</subfield></datafield><datafield ind1=' ' ind2=' ' tag='ADM'><subfield code='b'>2018-03-15 16:47:10</subfield><subfield code='e'>b15992408-01tuli_inst</subfield><subfield code='d'>ILS</subfield><subfield code='a'>2017-06-20 13:27:57</subfield><subfield code='c'>false</subfield></datafield><datafield ind1='8' ind2=' ' tag='HLD'><subfield code='b'>KARDON</subfield><subfield code='c'>p_remote</subfield><subfield code='h'>Micro- film AP II, 22</subfield><subfield code='x'>INT. NOTE: PER. | RETENTION: -</subfield><subfield code='8'>22325139980003811</subfield></datafield><datafield ind1=' ' ind2=' ' tag='ITM'><subfield code='r'>22325139980003811</subfield><subfield code='b'>1</subfield><subfield code='h'>8</subfield><subfield code='g'>p_remote</subfield><subfield code='t'>ISSUE</subfield><subfield code='e'>p_remote</subfield><subfield code='8'>23325139970003811</subfield><subfield code='a'>4</subfield><subfield code='q'>2017-06-20 13:27:57</subfield><subfield code='i'>Micro- film AP II, 22</subfield><subfield code='d'>KARDON</subfield><subfield code='f'>KARDON</subfield></datafield></record>