
<record xmlns='http://www.loc.gov/MARC21/slim'><leader>01933cas a2200469 a 4500</leader><controlfield tag='005'>20180315124700.0</controlfield><controlfield tag='007'>hdrafb---baca</controlfield><controlfield tag='008'>920429d18231824miuuu p a     0uuua0eng d</controlfield><controlfield tag='001'>991029075229703811</controlfield><datafield ind1=' ' ind2=' ' tag='010'><subfield code='a'>sf 88094030</subfield></datafield><datafield ind1=' ' ind2=' ' tag='035'><subfield code='a'>(PPT)b15986159-01tuli_inst</subfield></datafield><datafield ind1=' ' ind2=' ' tag='035'><subfield code='a'>(CStRLIN)ocn476783686</subfield><subfield code='9'>ExL</subfield></datafield><datafield ind1=' ' ind2=' ' tag='035'><subfield code='a'>PATG92-S03438</subfield></datafield><datafield ind1=' ' ind2=' ' tag='035'><subfield code='a'>ocm09909315</subfield></datafield><datafield ind1=' ' ind2=' ' tag='035'><subfield code='a'>(OCLC)ocm09909315</subfield></datafield><datafield ind1=' ' ind2=' ' tag='040'><subfield code='a'>CNoS</subfield><subfield code='c'>CNoS</subfield><subfield code='d'>N</subfield><subfield code='d'>OCoLC</subfield><subfield code='d'>DLC</subfield><subfield code='d'>NST</subfield><subfield code='d'>CStRLIN</subfield><subfield code='d'>PPT</subfield></datafield><datafield ind1=' ' ind2=' ' tag='042'><subfield code='a'>msc</subfield></datafield><datafield ind1=' ' ind2=' ' tag='043'><subfield code='a'>n-us---</subfield></datafield><datafield ind1=' ' ind2=' ' tag='079'><subfield code='a'>ocm09909315</subfield></datafield><datafield ind1=' ' ind2=' ' tag='099'><subfield code='a'>Micro- film AP II, 218</subfield></datafield><datafield ind1='0' ind2='0' tag='245'><subfield code='a'>Miscellaneous cabinet</subfield><subfield code='h'>[microform].</subfield></datafield><datafield ind1=' ' ind2=' ' tag='260'><subfield code='a'>[Schenectady, N.Y. :</subfield><subfield code='b'>s.n.],</subfield><subfield code='c'>1823-1824.</subfield></datafield><datafield ind1=' ' ind2=' ' tag='300'><subfield code='a'>1 v.</subfield></datafield><datafield ind1=' ' ind2=' ' tag='310'><subfield code='a'>Weekly</subfield></datafield><datafield ind1='0' ind2=' ' tag='362'><subfield code='a'>Vol. 1, no. 1 (July 12, 1823)-v. 1, no. 26 (Jan. 3, 1824).</subfield></datafield><datafield ind1=' ' ind2=' ' tag='500'><subfield code='a'>Title from running title.</subfield></datafield><datafield ind1=' ' ind2=' ' tag='500'><subfield code='a'>Film incomplete: scattered pages wanting.</subfield></datafield><datafield ind1=' ' ind2=' ' tag='533'><subfield code='a'>Microfilm.</subfield><subfield code='b'>Ann Arbor, Mich. :</subfield><subfield code='c'>University Microfilms,</subfield><subfield code='d'>1952.</subfield><subfield code='e'>1 microfilm reel ; 35 mm.</subfield><subfield code='f'>(American periodical series, 1800-1850 ; 218)</subfield></datafield><datafield ind1=' ' ind2=' ' tag='590'><subfield code='a'>Access to electronic version is available to the Temple Community through use of a networked computer with a Temple IP address.</subfield></datafield><datafield ind1=' ' ind2=' ' tag='530'><subfield code='a'>Also available online.</subfield></datafield><datafield ind1=' ' ind2='0' tag='651'><subfield code='a'>United States</subfield><subfield code='x'>Periodicals.</subfield></datafield><datafield ind1='0' ind2=' ' tag='730'><subfield code='a'>Miscellaneous cabinet.</subfield></datafield><datafield ind1=' ' ind2='0' tag='830'><subfield code='a'>American periodical series, 1800-1850 ;</subfield><subfield code='v'>218.</subfield></datafield><datafield ind1='4' ind2='1' tag='856'><subfield code='z'>Access full text via American Periodical Series Online (Search by publication title).</subfield><subfield code='u'>http://libproxy.temple.edu/login?url=http://proquest.umi.com/pqdweb?TS=1158939119&amp;clientId=8673&amp;RQT=316</subfield></datafield><datafield ind1=' ' ind2=' ' tag='907'><subfield code='a'>.b15986159</subfield><subfield code='b'>kmicr</subfield><subfield code='c'>-</subfield></datafield><datafield ind1=' ' ind2=' ' tag='935'><subfield code='a'>00655192</subfield></datafield><datafield ind1=' ' ind2=' ' tag='945'><subfield code='l'>kmicr</subfield><subfield code='g'>1</subfield></datafield><datafield ind1=' ' ind2=' ' tag='950'><subfield code='l'>MICRO</subfield><subfield code='b'>Micro- film AP 428</subfield><subfield code='v'>v.1-;</subfield><subfield code='y'>1823-1824.</subfield><subfield code='f'>PER.</subfield><subfield code='h'>04/29/92 N</subfield></datafield><datafield ind1=' ' ind2=' ' tag='955'><subfield code='l'>MICRO</subfield><subfield code='c'>0:(v.1:1823)</subfield><subfield code='h'>04/29/92 C</subfield></datafield><datafield ind1=' ' ind2=' ' tag='979'><subfield code='a'>ocm09909315</subfield></datafield><datafield ind1=' ' ind2=' ' tag='998'><subfield code='b'>2</subfield><subfield code='c'>990101</subfield><subfield code='d'>s</subfield><subfield code='e'>a</subfield><subfield code='f'>-</subfield><subfield code='g'>0</subfield></datafield><datafield ind1=' ' ind2=' ' tag='998'><subfield code='a'>09/06/94</subfield><subfield code='t'>c</subfield><subfield code='s'>9110</subfield><subfield code='n'>PPT</subfield><subfield code='w'>DCLCSF8894030S</subfield><subfield code='d'>04/29/92</subfield><subfield code='c'>DH</subfield><subfield code='b'>EC</subfield><subfield code='i'>940906</subfield><subfield code='h'>920429</subfield><subfield code='l'>PATG</subfield></datafield><datafield ind1=' ' ind2=' ' tag='ADM'><subfield code='b'>2018-03-15 16:47:00</subfield><subfield code='e'>b15986159-01tuli_inst</subfield><subfield code='d'>ILS</subfield><subfield code='a'>2017-06-20 13:11:00</subfield><subfield code='c'>false</subfield></datafield><datafield ind1='8' ind2=' ' tag='HLD'><subfield code='b'>KARDON</subfield><subfield code='c'>p_remote</subfield><subfield code='h'>Micro- film AP II, 218</subfield><subfield code='x'>INT. NOTE: PER. | RETENTION: -</subfield><subfield code='8'>22323222490003811</subfield></datafield><datafield ind1=' ' ind2=' ' tag='ITM'><subfield code='r'>22323222490003811</subfield><subfield code='b'>1</subfield><subfield code='h'>8</subfield><subfield code='g'>p_remote</subfield><subfield code='t'>ISSUE</subfield><subfield code='e'>p_remote</subfield><subfield code='8'>23323222480003811</subfield><subfield code='a'>4</subfield><subfield code='q'>2017-06-20 13:11:00</subfield><subfield code='i'>Micro- film AP II, 218</subfield><subfield code='d'>KARDON</subfield><subfield code='f'>KARDON</subfield></datafield></record>