
<record xmlns='http://www.loc.gov/MARC21/slim'><leader>02056cas a2200481 a 4500</leader><controlfield tag='005'>20180315124712.0</controlfield><controlfield tag='007'>hdrafb---baca</controlfield><controlfield tag='008'>920508d18111811miuuu p a     0uuua0eng  </controlfield><controlfield tag='001'>991029115709703811</controlfield><datafield ind1=' ' ind2=' ' tag='010'><subfield code='a'>sf 88091983</subfield></datafield><datafield ind1=' ' ind2=' ' tag='035'><subfield code='a'>(PPT)b15994168-01tuli_inst</subfield></datafield><datafield ind1=' ' ind2=' ' tag='035'><subfield code='a'>(CStRLIN)ocn476787587</subfield><subfield code='9'>ExL</subfield></datafield><datafield ind1=' ' ind2=' ' tag='035'><subfield code='a'>PATG92-S03973</subfield></datafield><datafield ind1=' ' ind2=' ' tag='035'><subfield code='a'>ocm04589844</subfield></datafield><datafield ind1=' ' ind2=' ' tag='035'><subfield code='a'>(OCLC)ocm04589844</subfield></datafield><datafield ind1=' ' ind2=' ' tag='040'><subfield code='a'>DLC</subfield><subfield code='c'>OAkU</subfield><subfield code='d'>OCoLC</subfield><subfield code='d'>N</subfield><subfield code='d'>DLC</subfield><subfield code='d'>CStRLIN</subfield><subfield code='d'>PPT</subfield></datafield><datafield ind1=' ' ind2=' ' tag='042'><subfield code='a'>msc</subfield></datafield><datafield ind1=' ' ind2=' ' tag='079'><subfield code='a'>ocm04589844</subfield></datafield><datafield ind1=' ' ind2=' ' tag='099'><subfield code='a'>Micro- film AP II, 75</subfield></datafield><datafield ind1='0' ind2=' ' tag='130'><subfield code='a'>Cabinet (Boston, Mass.)</subfield></datafield><datafield ind1='0' ind2='4' tag='245'><subfield code='a'>The Cabinet</subfield><subfield code='h'>[microform].</subfield></datafield><datafield ind1=' ' ind2=' ' tag='260'><subfield code='a'>Boston :</subfield><subfield code='b'>[Joshua Belcher],</subfield><subfield code='c'>1811.</subfield></datafield><datafield ind1=' ' ind2=' ' tag='300'><subfield code='a'>10 v. :</subfield><subfield code='b'>ill. ;</subfield><subfield code='c'>22 cm.</subfield></datafield><datafield ind1=' ' ind2=' ' tag='310'><subfield code='a'>Weekly</subfield></datafield><datafield ind1='0' ind2=' ' tag='362'><subfield code='a'>No. 1 (Jan. 5, 1811)-no. 10 (Mar. 23, 1811).</subfield></datafield><datafield ind1=' ' ind2=' ' tag='500'><subfield code='a'>Manuscript index (3 p.) at end.</subfield></datafield><datafield ind1=' ' ind2=' ' tag='500'><subfield code='a'>Title from caption.</subfield></datafield><datafield ind1=' ' ind2=' ' tag='515'><subfield code='a'>First issue called no. 1, Tuesday, Jan. 8, 1811 on the cover and no. 1, Saturday, Jan. 5, 1811 on the caption.</subfield></datafield><datafield ind1=' ' ind2=' ' tag='533'><subfield code='a'>Microfilm.</subfield><subfield code='b'>Ann Arbor, Mich. :</subfield><subfield code='c'>University Microfilms,</subfield><subfield code='d'>1948.</subfield><subfield code='e'>1 microfilm reel ; 35 mm.</subfield><subfield code='f'>(American periodical series, 1800-1850 ; 75)</subfield></datafield><datafield ind1=' ' ind2=' ' tag='590'><subfield code='a'>Access to electronic version is available to the Temple Community through use of a networked computer with a Temple IP address.</subfield></datafield><datafield ind1=' ' ind2=' ' tag='530'><subfield code='a'>Also available online.</subfield></datafield><datafield ind1='0' ind2=' ' tag='730'><subfield code='a'>Cabinet.</subfield></datafield><datafield ind1='1' ind2=' ' tag='776'><subfield code='t'>Cabinet (Boston, Mass.)</subfield><subfield code='w'>(DLC)   11008634</subfield><subfield code='w'>(OCoLC)1538011</subfield></datafield><datafield ind1=' ' ind2='0' tag='830'><subfield code='a'>American periodical series, 1800-1850 ;</subfield><subfield code='v'>75.</subfield></datafield><datafield ind1='4' ind2='1' tag='856'><subfield code='z'>Access full text via American Periodical Series Online (Search by publication title).</subfield><subfield code='u'>http://libproxy.temple.edu/login?url=http://proquest.umi.com/pqdweb?TS=1158939119&amp;clientId=8673&amp;RQT=316</subfield></datafield><datafield ind1=' ' ind2=' ' tag='907'><subfield code='a'>.b15994168</subfield><subfield code='b'>kmicr</subfield><subfield code='c'>-</subfield></datafield><datafield ind1=' ' ind2=' ' tag='935'><subfield code='a'>00656087</subfield></datafield><datafield ind1=' ' ind2=' ' tag='945'><subfield code='l'>kmicr</subfield><subfield code='g'>1</subfield></datafield><datafield ind1=' ' ind2=' ' tag='950'><subfield code='l'>MICRO</subfield><subfield code='b'>Micro- film AP 169A</subfield><subfield code='v'>no.1-10;</subfield><subfield code='y'>1811.</subfield><subfield code='f'>PER.</subfield><subfield code='h'>05/08/92 N</subfield></datafield><datafield ind1=' ' ind2=' ' tag='955'><subfield code='l'>MICRO</subfield><subfield code='c'>0:(no.1:1811)</subfield><subfield code='h'>05/08/92 C</subfield></datafield><datafield ind1=' ' ind2=' ' tag='979'><subfield code='a'>ocm04589844</subfield></datafield><datafield ind1=' ' ind2=' ' tag='998'><subfield code='b'>2</subfield><subfield code='c'>990101</subfield><subfield code='d'>s</subfield><subfield code='e'>a</subfield><subfield code='f'>-</subfield><subfield code='g'>4</subfield></datafield><datafield ind1=' ' ind2=' ' tag='998'><subfield code='a'>08/02/94</subfield><subfield code='t'>c</subfield><subfield code='s'>9110</subfield><subfield code='n'>PPT</subfield><subfield code='w'>DCLCSF8891983S</subfield><subfield code='d'>05/08/92</subfield><subfield code='c'>RM</subfield><subfield code='b'>CW</subfield><subfield code='i'>940802</subfield><subfield code='h'>920508</subfield><subfield code='l'>PATG</subfield></datafield><datafield ind1=' ' ind2=' ' tag='ADM'><subfield code='b'>2018-03-15 16:47:12</subfield><subfield code='e'>b15994168-01tuli_inst</subfield><subfield code='d'>ILS</subfield><subfield code='a'>2017-06-20 13:01:09</subfield><subfield code='c'>false</subfield></datafield><datafield ind1='8' ind2=' ' tag='HLD'><subfield code='b'>KARDON</subfield><subfield code='c'>p_remote</subfield><subfield code='h'>Micro- film AP II, 75</subfield><subfield code='x'>INT. NOTE: PER. | RETENTION: -</subfield><subfield code='8'>22322210950003811</subfield></datafield><datafield ind1=' ' ind2=' ' tag='ITM'><subfield code='r'>22322210950003811</subfield><subfield code='b'>1</subfield><subfield code='h'>8</subfield><subfield code='g'>p_remote</subfield><subfield code='t'>ISSUE</subfield><subfield code='e'>p_remote</subfield><subfield code='8'>23322210940003811</subfield><subfield code='a'>4</subfield><subfield code='q'>2017-06-20 13:01:09</subfield><subfield code='i'>Micro- film AP II, 75</subfield><subfield code='d'>KARDON</subfield><subfield code='f'>KARDON</subfield></datafield></record>