
<record xmlns='http://www.loc.gov/MARC21/slim'><leader>01999cam a2200361 i 4500</leader><controlfield tag='005'>20170328063406.0</controlfield><controlfield tag='008'>760106s1975    nyu      b    001 0 eng  </controlfield><controlfield tag='001'>991031586159703811</controlfield><datafield ind1=' ' ind2=' ' tag='010'><subfield code='a'>75002952</subfield></datafield><datafield ind1=' ' ind2=' ' tag='035'><subfield code='a'>(PPT)b64478105-01tuli_inst</subfield></datafield><datafield ind1=' ' ind2=' ' tag='035'><subfield code='a'>(OCoLC)1839938</subfield><subfield code='z'>(OCoLC)5862216</subfield></datafield><datafield ind1=' ' ind2=' ' tag='040'><subfield code='a'>DLC</subfield><subfield code='b'>eng</subfield><subfield code='c'>DLC</subfield><subfield code='d'>BTCTA</subfield><subfield code='d'>OCLCO</subfield><subfield code='d'>OCLCF</subfield><subfield code='d'>OCLCQ</subfield><subfield code='d'>OCLCO</subfield><subfield code='d'>TULAW</subfield></datafield><datafield ind1=' ' ind2=' ' tag='043'><subfield code='a'>e-uk---</subfield></datafield><datafield ind1=' ' ind2=' ' tag='049'><subfield code='a'>TULA</subfield></datafield><datafield ind1=' ' ind2=' ' tag='090'><subfield code='a'>JN405</subfield><subfield code='b'>.C25 1975</subfield></datafield><datafield ind1='0' ind2='0' tag='245'><subfield code='a'>Cabinet studies :</subfield><subfield code='b'>a reader /</subfield><subfield code='c'>edited by Valentine Herman and James E. Alt.</subfield></datafield><datafield ind1=' ' ind2=' ' tag='260'><subfield code='a'>New York :</subfield><subfield code='b'>St. Martin&apos;s Press,</subfield><subfield code='c'>1975.</subfield></datafield><datafield ind1=' ' ind2=' ' tag='300'><subfield code='a'>xxvi, 302 pages :</subfield><subfield code='b'>graphs ;</subfield><subfield code='c'>23 cm</subfield></datafield><datafield ind1=' ' ind2=' ' tag='336'><subfield code='a'>text</subfield><subfield code='b'>txt</subfield><subfield code='2'>rdacontent</subfield></datafield><datafield ind1=' ' ind2=' ' tag='337'><subfield code='a'>unmediated</subfield><subfield code='b'>n</subfield><subfield code='2'>rdamedia</subfield></datafield><datafield ind1=' ' ind2=' ' tag='338'><subfield code='a'>volume</subfield><subfield code='b'>nc</subfield><subfield code='2'>rdacarrier</subfield></datafield><datafield ind1=' ' ind2=' ' tag='504'><subfield code='a'>Includes bibliographical references (pages 293-295) and index.</subfield></datafield><datafield ind1='0' ind2=' ' tag='505'><subfield code='a'>The life of the Cabinet: Rose, R. The making of Cabinet ministers. Alt, J.E. Continuity, turnover, and experience in the British Cabinet, 1868-1970. Herman, V. Comparative perspectives on ministerial stability in Britain. Madgwick, P.J. Resignations. George-Brown, Lord and Thorneycroft, Lord. Personal views of ministerial resignation.--The environment of the Cabinet: Headey, B. Cabinet ministers and senior civil servants. Punnett, R.M. Her Majesty&apos;s shadow government. Seymour-Ure, C. The Cabinet and the lobby. Tunstall, J. Two styles of government-press relations.--The Cabinet at work: Butler, Lord, interviewed by N. Hunt. Reflections on Cabinet government. Jenkins, R. On being a minister. Gordon-Walker, Lord. Two imaginary Cabinet meetings. Daalder, H. Cabinet reform since 1914. Fox, J. The brains behind the throne.</subfield></datafield><datafield ind1=' ' ind2='0' tag='650'><subfield code='a'>Cabinet officers</subfield><subfield code='z'>Great Britain.</subfield></datafield><datafield ind1=' ' ind2='7' tag='650'><subfield code='a'>Cabinet officers.</subfield><subfield code='2'>fast</subfield><subfield code='0'>(OCoLC)fst00843535</subfield></datafield><datafield ind1=' ' ind2='7' tag='651'><subfield code='a'>Great Britain.</subfield><subfield code='2'>fast</subfield><subfield code='0'>(OCoLC)fst01204623</subfield></datafield><datafield ind1='1' ind2=' ' tag='700'><subfield code='a'>Herman, Valentine.</subfield></datafield><datafield ind1='1' ind2=' ' tag='700'><subfield code='a'>Alt, James E.</subfield></datafield><datafield ind1=' ' ind2=' ' tag='907'><subfield code='a'>.b64478105</subfield><subfield code='b'>l    </subfield><subfield code='c'>-</subfield></datafield><datafield ind1=' ' ind2=' ' tag='902'><subfield code='a'>170413</subfield></datafield><datafield ind1=' ' ind2=' ' tag='998'><subfield code='b'>0</subfield><subfield code='c'>170328</subfield><subfield code='d'>m</subfield><subfield code='e'>a</subfield><subfield code='f'>-</subfield><subfield code='g'>0</subfield></datafield><datafield ind1=' ' ind2=' ' tag='998'><subfield code='b'>0</subfield><subfield code='c'>170328</subfield><subfield code='d'>m</subfield><subfield code='e'>a</subfield><subfield code='f'>-</subfield><subfield code='g'>0</subfield></datafield><datafield ind1=' ' ind2=' ' tag='945'><subfield code='l'>lstk </subfield><subfield code='g'>1</subfield></datafield><datafield ind1=' ' ind2=' ' tag='ADM'><subfield code='e'>b64478105-01tuli_inst</subfield><subfield code='d'>ILS</subfield><subfield code='a'>2017-06-20 08:54:03</subfield><subfield code='c'>false</subfield></datafield><datafield ind1='0' ind2=' ' tag='HLD'><subfield code='b'>LAW</subfield><subfield code='c'>closestack</subfield><subfield code='h'>JN405</subfield><subfield code='i'>.C25 1975</subfield><subfield code='8'>22288110340003811</subfield></datafield><datafield ind1=' ' ind2=' ' tag='ITM'><subfield code='r'>22288110340003811</subfield><subfield code='b'>1</subfield><subfield code='h'>0</subfield><subfield code='g'>closestack</subfield><subfield code='t'>BOOK</subfield><subfield code='9'>39074804520534</subfield><subfield code='e'>closestack</subfield><subfield code='8'>23288110330003811</subfield><subfield code='a'>0</subfield><subfield code='q'>2017-06-20 08:54:03</subfield><subfield code='i'>JN405 .C25 1975</subfield><subfield code='d'>LAW</subfield><subfield code='f'>LAW</subfield></datafield></record>