
<record xmlns='http://www.loc.gov/MARC21/slim'><leader>02496cam a2200445 a 4500</leader><controlfield tag='005'>20060517142914.0</controlfield><controlfield tag='007'>cr mn mmmmabba</controlfield><controlfield tag='008'>821207s1806    nyu     s     000 0 eng d</controlfield><controlfield tag='001'>991023338739703811</controlfield><datafield ind1=' ' ind2=' ' tag='035'><subfield code='a'>(PPT)b50459934-01tuli_inst</subfield></datafield><datafield ind1=' ' ind2=' ' tag='035'><subfield code='a'>aas04276485</subfield><subfield code='9'>ExL</subfield></datafield><datafield ind1=' ' ind2=' ' tag='040'><subfield code='a'>MWA</subfield><subfield code='c'>MWA</subfield><subfield code='e'>dcrb</subfield></datafield><datafield ind1=' ' ind2=' ' tag='090'><subfield code='a'>E164</subfield><subfield code='b'>.E265x</subfield></datafield><datafield ind1='1' ind2=' ' tag='100'><subfield code='a'>Dibdin, Thomas,</subfield><subfield code='d'>1771-1841.</subfield></datafield><datafield ind1='1' ind2='4' tag='245'><subfield code='a'>The cabinet,</subfield><subfield code='h'>[electronic resource] :</subfield><subfield code='b'>a comic opera, in three acts. /</subfield><subfield code='c'>By Thomas Dibdin, author of Guilty or not guilty; Il Bondocani; Family quarrels; Valentine and Orson, &amp;c. &amp;c. ; As performed at the theatres Covent-Garden and New-York. ; From the prompt-book--by permission of the managers[.]</subfield></datafield><datafield ind1=' ' ind2=' ' tag='260'><subfield code='a'>New-York: :</subfield><subfield code='b'>Published by D. Longworth, at the Dramatic Repository, Shakspeare-Gallery.,</subfield><subfield code='c'>1806.</subfield></datafield><datafield ind1=' ' ind2=' ' tag='300'><subfield code='a'>[2], 69, [1] p. ;</subfield><subfield code='c'>15 cm.</subfield></datafield><datafield ind1=' ' ind2=' ' tag='500'><subfield code='a'>Without music.</subfield></datafield><datafield ind1=' ' ind2=' ' tag='500'><subfield code='a'>With half-title.</subfield></datafield><datafield ind1=' ' ind2=' ' tag='500'><subfield code='a'>&quot;Advertisement. The story of &apos;The cabinet&apos; which has been erroneously assigned to several different sources, is taken from an old ballad called the Golden bull.&quot;--p. [2], second count.</subfield></datafield><datafield ind1=' ' ind2=' ' tag='500'><subfield code='a'>Dedicated to William Cordy, Esq.</subfield></datafield><datafield ind1=' ' ind2=' ' tag='500'><subfield code='a'>&quot;Printed by John Bioren. Philadelphia.&quot;--p. [70].</subfield></datafield><datafield ind1=' ' ind2=' ' tag='500'><subfield code='a'>&quot;Dramatic Repository,&quot; p. [70], in verse. Dated &quot;Shakspeare Gallery, January 8, 1806.</subfield></datafield><datafield ind1='4' ind2=' ' tag='510'><subfield code='a'>Shaw &amp; Shoemaker</subfield><subfield code='c'>10286</subfield></datafield><datafield ind1='4' ind2=' ' tag='510'><subfield code='a'>Stoddard, R.E.  Longworth dramatic imprints,</subfield><subfield code='c'>43</subfield></datafield><datafield ind1=' ' ind2=' ' tag='530'><subfield code='a'>Microform version available in the Readex Early American Imprints series.</subfield></datafield><datafield ind1=' ' ind2=' ' tag='533'><subfield code='a'>Electronic text and image data.</subfield><subfield code='b'>[Chester, Vt. :</subfield><subfield code='c'>Readex, a division of Newsbank, Inc.,</subfield><subfield code='d'>2004-2007]</subfield><subfield code='e'>Includes files in TIFF, GIF and PDF formats with inclusion of keyword searchable text.</subfield><subfield code='f'>(Early American imprints. Second series ; no. 10286).</subfield></datafield><datafield ind1=' ' ind2=' ' tag='590'><subfield code='a'>Access is available to the Temple Community through use of a networked computer with a Temple IP address.</subfield></datafield><datafield ind1=' ' ind2='0' tag='650'><subfield code='a'>Operas</subfield><subfield code='v'>Librettos.</subfield></datafield><datafield ind1=' ' ind2='0' tag='650'><subfield code='a'>Theater</subfield><subfield code='v'>Poetry.</subfield></datafield><datafield ind1=' ' ind2='0' tag='650'><subfield code='a'>Theatrical publishing</subfield><subfield code='z'>New York (State)</subfield><subfield code='z'>New York.</subfield></datafield><datafield ind1=' ' ind2='7' tag='655'><subfield code='a'>Libretti.</subfield><subfield code='2'>rbgenr</subfield></datafield><datafield ind1=' ' ind2='7' tag='655'><subfield code='a'>Poems</subfield><subfield code='y'>1806.</subfield><subfield code='2'>rbgenr</subfield></datafield><datafield ind1='1' ind2=' ' tag='700'><subfield code='a'>Cordy, William,</subfield><subfield code='e'>dedicatee.</subfield></datafield><datafield ind1=' ' ind2=' ' tag='752'><subfield code='a'>United States</subfield><subfield code='b'>New York</subfield><subfield code='d'>New York.</subfield></datafield><datafield ind1=' ' ind2=' ' tag='752'><subfield code='a'>United States</subfield><subfield code='b'>Pennsylvania</subfield><subfield code='d'>Philadelphia.</subfield></datafield><datafield ind1=' ' ind2='0' tag='830'><subfield code='a'>Early American imprints.</subfield><subfield code='n'>Second series ;</subfield><subfield code='v'>no. 10286.</subfield></datafield><datafield ind1='4' ind2='1' tag='856'><subfield code='z'>Access full text online.</subfield><subfield code='u'>http://libproxy.temple.edu/login?url=http://opac.newsbank.com/select/shaw/10286</subfield><subfield code='y'>Shaw-Shoemaker Digital Edition</subfield></datafield><datafield ind1=' ' ind2=' ' tag='907'><subfield code='a'>.b50459934</subfield><subfield code='b'>w    </subfield><subfield code='c'>-</subfield></datafield><datafield ind1=' ' ind2=' ' tag='902'><subfield code='a'>111209</subfield></datafield><datafield ind1=' ' ind2=' ' tag='998'><subfield code='b'>1</subfield><subfield code='c'>111211</subfield><subfield code='d'>m</subfield><subfield code='e'>@</subfield><subfield code='f'>-</subfield><subfield code='g'>4</subfield></datafield><datafield ind1=' ' ind2=' ' tag='945'><subfield code='l'>w    </subfield><subfield code='g'>1</subfield></datafield><datafield ind1=' ' ind2=' ' tag='ADM'><subfield code='e'>b50459934-01tuli_inst</subfield><subfield code='d'>ILS</subfield><subfield code='a'>2017-06-20 11:15:30</subfield><subfield code='c'>false</subfield></datafield><datafield ind1=' ' ind2=' ' tag='PRT'><subfield code='a'>53376948530003811</subfield><subfield code='b'>https://sandbox01-na.alma.exlibrisgroup.com/view/uresolver/01TULI_INST/openurl?u.ignore_date_coverage=true&amp;rft.mms_id=991023338739703811</subfield><subfield code='f'>Access full text online.</subfield><subfield code='9'>Available</subfield><subfield code='d'>MAIN</subfield><subfield code='c'>Early American imprints, Second Series</subfield><subfield code='8'>53376948530003811</subfield></datafield></record>