
<record xmlns='http://www.loc.gov/MARC21/slim'><leader>01242pam a2200397 a 4500</leader><controlfield tag='005'>20170825183430.0</controlfield><controlfield tag='008'>051202s2006    ilu      b    000 0 eng c</controlfield><controlfield tag='001'>991012805369703811</controlfield><datafield ind1=' ' ind2=' ' tag='010'><subfield code='a'>2005035080</subfield></datafield><datafield ind1=' ' ind2=' ' tag='020'><subfield code='a'>0810151731 (pbk. : alk. paper)</subfield></datafield><datafield ind1=' ' ind2=' ' tag='020'><subfield code='a'>0810151723 (cloth : alk. paper)</subfield></datafield><datafield ind1='3' ind2=' ' tag='024'><subfield code='a'>9780810151734 (pbk.)</subfield></datafield><datafield ind1=' ' ind2=' ' tag='035'><subfield code='a'>(PPT)b30135217-01tuli_inst</subfield></datafield><datafield ind1=' ' ind2=' ' tag='035'><subfield code='a'>(OCoLC)ocn491634662</subfield><subfield code='9'>ExL</subfield></datafield><datafield ind1=' ' ind2=' ' tag='035'><subfield code='a'>DLCOCM62857810</subfield></datafield><datafield ind1=' ' ind2=' ' tag='035'><subfield code='a'>ocm62857810</subfield></datafield><datafield ind1=' ' ind2=' ' tag='035'><subfield code='a'>(OCLC)ocm62857810</subfield></datafield><datafield ind1=' ' ind2=' ' tag='040'><subfield code='a'>IEN/DLC</subfield><subfield code='c'>DLC</subfield><subfield code='d'>BAKER</subfield><subfield code='d'>C#P</subfield></datafield><datafield ind1=' ' ind2=' ' tag='079'><subfield code='a'>ocm62857810</subfield></datafield><datafield ind1=' ' ind2=' ' tag='090'><subfield code='a'>PS3552.A59194</subfield><subfield code='b'>W66 2006</subfield></datafield><datafield ind1='1' ind2=' ' tag='100'><subfield code='a'>Barber, David,</subfield><subfield code='d'>1960-</subfield></datafield><datafield ind1='1' ind2='0' tag='245'><subfield code='a'>Wonder cabinet /</subfield><subfield code='c'>David Barber.</subfield></datafield><datafield ind1=' ' ind2=' ' tag='260'><subfield code='a'>Evanston, Ill. :</subfield><subfield code='b'>TriQuarterly Books/Northwestern University Press,</subfield><subfield code='c'>2006.</subfield></datafield><datafield ind1=' ' ind2=' ' tag='300'><subfield code='a'>99 p. ;</subfield><subfield code='c'>22 cm.</subfield></datafield><datafield ind1=' ' ind2=' ' tag='500'><subfield code='a'>Poems.</subfield></datafield><datafield ind1=' ' ind2=' ' tag='504'><subfield code='a'>Includes bibliographical references (p. [95]-99).</subfield></datafield><datafield ind1='4' ind2='1' tag='856'><subfield code='z'>Access Table of Contents.</subfield><subfield code='u'>http://www.loc.gov/catdir/toc/ecip064/2005035080.html</subfield></datafield><datafield ind1=' ' ind2=' ' tag='901'><subfield code='a'>BNA</subfield></datafield><datafield ind1=' ' ind2=' ' tag='901'><subfield code='a'>R4571788</subfield></datafield><datafield ind1=' ' ind2=' ' tag='902'><subfield code='a'>110512</subfield></datafield><datafield ind1=' ' ind2=' ' tag='902'><subfield code='a'>060507AB0701</subfield></datafield><datafield ind1=' ' ind2=' ' tag='907'><subfield code='a'>.b30135217</subfield><subfield code='b'>p    </subfield><subfield code='c'>-</subfield></datafield><datafield ind1=' ' ind2=' ' tag='945'><subfield code='l'>pstk </subfield><subfield code='g'>1</subfield></datafield><datafield ind1=' ' ind2=' ' tag='979'><subfield code='a'>ocm62857810</subfield></datafield><datafield ind1=' ' ind2=' ' tag='998'><subfield code='b'>0</subfield><subfield code='c'>060517</subfield><subfield code='d'>m</subfield><subfield code='e'>a</subfield><subfield code='f'>-</subfield><subfield code='g'>0</subfield></datafield><datafield ind1=' ' ind2=' ' tag='998'><subfield code='b'>0</subfield><subfield code='c'>060517</subfield><subfield code='d'>m</subfield><subfield code='e'>a</subfield><subfield code='f'>-</subfield><subfield code='g'>0</subfield></datafield><datafield ind1=' ' ind2=' ' tag='ADM'><subfield code='b'>2017-08-25 22:34:30</subfield><subfield code='e'>b30135217-01tuli_inst</subfield><subfield code='d'>ILS</subfield><subfield code='a'>2017-06-20 10:21:22</subfield><subfield code='c'>false</subfield></datafield><datafield ind1='0' ind2=' ' tag='HLD'><subfield code='b'>MAIN</subfield><subfield code='c'>stacks</subfield><subfield code='h'>PS3552.A59194</subfield><subfield code='i'>W66 2006</subfield><subfield code='8'>22302181590003811</subfield></datafield><datafield ind1=' ' ind2=' ' tag='ITM'><subfield code='r'>22302181590003811</subfield><subfield code='b'>1</subfield><subfield code='h'>0</subfield><subfield code='g'>stacks</subfield><subfield code='t'>BOOK</subfield><subfield code='9'>39074019257088</subfield><subfield code='e'>stacks</subfield><subfield code='8'>23302181580003811</subfield><subfield code='a'>0</subfield><subfield code='q'>2017-06-20 10:21:22</subfield><subfield code='i'>PS3552.A59194 W66 2006</subfield><subfield code='d'>MAIN</subfield><subfield code='f'>MAIN</subfield></datafield></record>