
<record xmlns='http://www.loc.gov/MARC21/slim'><leader>00886nam a2200301 a 4500</leader><controlfield tag='005'>20170825181954.0</controlfield><controlfield tag='008'>020118s2002    pau           000 0 eng  </controlfield><controlfield tag='001'>991033912169703811</controlfield><datafield ind1=' ' ind2=' ' tag='020'><subfield code='a'>0822957760</subfield></datafield><datafield ind1=' ' ind2=' ' tag='035'><subfield code='a'>(PPT)b26212596-01tuli_inst</subfield></datafield><datafield ind1=' ' ind2=' ' tag='035'><subfield code='a'>(CStRLIN)ocn489457509</subfield><subfield code='9'>ExL</subfield></datafield><datafield ind1=' ' ind2=' ' tag='035'><subfield code='a'>PPTb26212596</subfield></datafield><datafield ind1=' ' ind2=' ' tag='035'><subfield code='a'>ocm48883475</subfield></datafield><datafield ind1=' ' ind2=' ' tag='035'><subfield code='a'>(OCLC)ocm48883475</subfield></datafield><datafield ind1=' ' ind2=' ' tag='040'><subfield code='a'>UKM</subfield><subfield code='c'>UKM</subfield><subfield code='d'>PRC</subfield><subfield code='d'>PU</subfield><subfield code='d'>PPT</subfield></datafield><datafield ind1=' ' ind2=' ' tag='079'><subfield code='a'>ocm48883475</subfield></datafield><datafield ind1=' ' ind2=' ' tag='090'><subfield code='a'>PS3573.O44</subfield><subfield code='b'>S657x 2002</subfield></datafield><datafield ind1='1' ind2=' ' tag='100'><subfield code='a'>Wojahn, David,</subfield><subfield code='d'>1953-</subfield></datafield><datafield ind1='1' ind2='0' tag='245'><subfield code='a'>Spirit cabinet /</subfield><subfield code='c'>David Wojahn.</subfield></datafield><datafield ind1=' ' ind2=' ' tag='260'><subfield code='a'>Pittsburgh, Pa. :</subfield><subfield code='b'>University of Pittsburgh Press ;</subfield><subfield code='a'>London :</subfield><subfield code='b'>Eurospan,</subfield><subfield code='c'>2002.</subfield></datafield><datafield ind1=' ' ind2=' ' tag='300'><subfield code='a'>119 p. ;</subfield><subfield code='c'>23 cm.</subfield></datafield><datafield ind1=' ' ind2='0' tag='440'><subfield code='a'>Pitt poetry series.</subfield></datafield><datafield ind1=' ' ind2=' ' tag='902'><subfield code='a'>110512</subfield></datafield><datafield ind1=' ' ind2=' ' tag='907'><subfield code='a'>.b26212596</subfield><subfield code='b'>p    </subfield><subfield code='c'>-</subfield></datafield><datafield ind1=' ' ind2=' ' tag='945'><subfield code='l'>pstk </subfield><subfield code='g'>1</subfield></datafield><datafield ind1=' ' ind2=' ' tag='979'><subfield code='a'>ocm48883475</subfield></datafield><datafield ind1=' ' ind2=' ' tag='998'><subfield code='b'>2</subfield><subfield code='c'>030321</subfield><subfield code='d'>m</subfield><subfield code='e'>a</subfield><subfield code='f'>-</subfield><subfield code='g'>0</subfield></datafield><datafield ind1=' ' ind2=' ' tag='998'><subfield code='a'>03/21/03</subfield><subfield code='s'>RLIN</subfield><subfield code='c'>RM</subfield></datafield><datafield ind1=' ' ind2=' ' tag='ADM'><subfield code='b'>2017-08-25 22:19:54</subfield><subfield code='e'>b26212596-01tuli_inst</subfield><subfield code='d'>ILS</subfield><subfield code='a'>2017-06-20 08:10:37</subfield><subfield code='c'>false</subfield></datafield><datafield ind1='0' ind2=' ' tag='HLD'><subfield code='b'>MAIN</subfield><subfield code='c'>stacks</subfield><subfield code='h'>PS3573.O44</subfield><subfield code='i'>S657x 2002</subfield><subfield code='8'>22278538740003811</subfield></datafield><datafield ind1=' ' ind2=' ' tag='ITM'><subfield code='r'>22278538740003811</subfield><subfield code='b'>1</subfield><subfield code='h'>0</subfield><subfield code='g'>stacks</subfield><subfield code='t'>BOOK</subfield><subfield code='9'>39074015576150</subfield><subfield code='e'>stacks</subfield><subfield code='8'>23278538730003811</subfield><subfield code='a'>0</subfield><subfield code='q'>2017-06-20 08:10:37</subfield><subfield code='i'>PS3573.O44 S657x 2002</subfield><subfield code='d'>MAIN</subfield><subfield code='f'>MAIN</subfield></datafield></record>