
<record xmlns='http://www.loc.gov/MARC21/slim'><leader>01485nam a22003011a 4500</leader><controlfield tag='005'>20071126164126.0</controlfield><controlfield tag='006'>m        d        </controlfield><controlfield tag='007'>cr||||||||||||</controlfield><controlfield tag='008'>020621r19961805xxk                 eng d</controlfield><controlfield tag='001'>991031014489703811</controlfield><datafield ind1=' ' ind2=' ' tag='035'><subfield code='a'>(PPT)b35980345-01tuli_inst</subfield></datafield><datafield ind1=' ' ind2=' ' tag='035'><subfield code='a'>(Uk-CbPIL)Z000073580</subfield><subfield code='9'>ExL</subfield></datafield><datafield ind1=' ' ind2=' ' tag='040'><subfield code='a'>UK-CbPIL</subfield><subfield code='c'>UK-CbPIL</subfield></datafield><datafield ind1=' ' ind2=' ' tag='090'><subfield code='a'>PN2</subfield><subfield code='b'>.L784x</subfield></datafield><datafield ind1='1' ind2=' ' tag='100'><subfield code='a'>Dibdin, Thomas,</subfield><subfield code='d'>1771-1841.</subfield></datafield><datafield ind1='1' ind2='4' tag='245'><subfield code='a'>The cabinet</subfield><subfield code='h'>[electronic resource].</subfield></datafield><datafield ind1=' ' ind2=' ' tag='256'><subfield code='a'>Electronic data.</subfield></datafield><datafield ind1=' ' ind2=' ' tag='260'><subfield code='a'>Cambridge :</subfield><subfield code='b'>Chadwyck-Healey,</subfield><subfield code='c'>1996.</subfield></datafield><datafield ind1=' ' ind2=' ' tag='500'><subfield code='a'>Preliminaries omitted.</subfield></datafield><datafield ind1=' ' ind2=' ' tag='534'><subfield code='p'>Transcribed from: </subfield><subfield code='a'>Dibdin, Thomas, 1771-1841.</subfield><subfield code='t'>The cabinet : a comic opera in three acts. First performed at the Theatre-Royal, Covent-Garden, on Tuesday, February 9th, 1802</subfield><subfield code='c'>London : Printed for Longman, Hurst, Rees, and Orme [etc.], 1805.</subfield><subfield code='e'>88 p.</subfield></datafield><datafield ind1=' ' ind2=' ' tag='540'><subfield code='a'>Copyright (c) 2007 ProQuest LLC. All Rights Reserved. Do not export or print from this database without checking the Copyright conditions to see what is permitted.</subfield></datafield><datafield ind1=' ' ind2=' ' tag='590'><subfield code='a'>Access is available to the Temple Community through use of a networked computer with a Temple IP address.</subfield></datafield><datafield ind1='0' ind2=' ' tag='773'><subfield code='t'>English Prose Drama Full-Text Database</subfield></datafield><datafield ind1='0' ind2=' ' tag='773'><subfield code='t'>Literature online</subfield></datafield><datafield ind1='4' ind2='0' tag='856'><subfield code='s'>168Kb</subfield><subfield code='z'>Access full text online.</subfield><subfield code='u'>http://libproxy.temple.edu/login?url=http://gateway.proquest.com/openurl?ctx_ver=Z39.88-2003&amp;xri:pqil:res_ver=0.2&amp;res_id=xri:lion-us&amp;rft_id=xri:lion:dr:Z000073580</subfield></datafield><datafield ind1=' ' ind2=' ' tag='907'><subfield code='a'>.b35980345</subfield><subfield code='b'>w    </subfield><subfield code='c'>-</subfield></datafield><datafield ind1=' ' ind2=' ' tag='902'><subfield code='a'>111021</subfield></datafield><datafield ind1=' ' ind2=' ' tag='998'><subfield code='b'>1</subfield><subfield code='c'>080920</subfield><subfield code='d'>m</subfield><subfield code='e'>@</subfield><subfield code='f'>-</subfield><subfield code='g'>4</subfield></datafield><datafield ind1=' ' ind2=' ' tag='945'><subfield code='l'>w    </subfield><subfield code='g'>1</subfield></datafield><datafield ind1=' ' ind2=' ' tag='ADM'><subfield code='e'>b35980345-01tuli_inst</subfield><subfield code='d'>ILS</subfield><subfield code='a'>2017-06-20 07:37:00</subfield><subfield code='c'>false</subfield></datafield><datafield ind1=' ' ind2=' ' tag='PRT'><subfield code='a'>53370919760003811</subfield><subfield code='b'>https://sandbox01-na.alma.exlibrisgroup.com/view/uresolver/01TULI_INST/openurl?u.ignore_date_coverage=true&amp;rft.mms_id=991031014489703811</subfield><subfield code='f'>Access full text online.</subfield><subfield code='9'>Available</subfield><subfield code='d'>MAIN</subfield><subfield code='c'>Literature Online</subfield><subfield code='8'>53370919760003811</subfield></datafield></record>