
<record xmlns='http://www.loc.gov/MARC21/slim'><leader>01811cam a2200445 a 4500</leader><controlfield tag='005'>20170826004238.0</controlfield><controlfield tag='008'>060823s2006    mnuaf    bc  s000 0 eng  </controlfield><controlfield tag='001'>991014744839703811</controlfield><datafield ind1=' ' ind2=' ' tag='010'><subfield code='a'>2006028171</subfield></datafield><datafield ind1=' ' ind2=' ' tag='020'><subfield code='a'>0816644705 (pbk. : alk. paper)</subfield></datafield><datafield ind1=' ' ind2=' ' tag='020'><subfield code='a'>9780816644704 (pbk. : alk. paper)</subfield></datafield><datafield ind1=' ' ind2=' ' tag='035'><subfield code='a'>(PPT)b30760306-01tuli_inst</subfield></datafield><datafield ind1=' ' ind2=' ' tag='035'><subfield code='a'>ocn491851003</subfield><subfield code='9'>ExL</subfield></datafield><datafield ind1=' ' ind2=' ' tag='035'><subfield code='a'>PPTb30760306 </subfield></datafield><datafield ind1=' ' ind2=' ' tag='035'><subfield code='a'>ocm71243877</subfield></datafield><datafield ind1=' ' ind2=' ' tag='035'><subfield code='a'>(OCLC)ocm71243877</subfield></datafield><datafield ind1=' ' ind2=' ' tag='040'><subfield code='a'>DLC</subfield><subfield code='c'>DLC</subfield><subfield code='d'>UKM</subfield><subfield code='d'>BAKER</subfield><subfield code='d'>C#P</subfield><subfield code='d'>YDX</subfield><subfield code='d'>YDXCP</subfield><subfield code='d'>BTCTA</subfield><subfield code='d'>DLC</subfield></datafield><datafield ind1=' ' ind2=' ' tag='043'><subfield code='a'>n-us-mn</subfield></datafield><datafield ind1=' ' ind2=' ' tag='079'><subfield code='a'>ocm71243877</subfield></datafield><datafield ind1=' ' ind2=' ' tag='090'><subfield code='a'>N6537.D54</subfield><subfield code='b'>A4 2006</subfield></datafield><datafield ind1='1' ind2=' ' tag='100'><subfield code='a'>Dion, Mark,</subfield><subfield code='d'>1961-</subfield></datafield><datafield ind1='1' ind2='0' tag='245'><subfield code='a'>Cabinet of curiosities :</subfield><subfield code='b'>Mark Dion and the university as installation /</subfield><subfield code='c'>Colleen J. Sheehy, editor.</subfield></datafield><datafield ind1=' ' ind2=' ' tag='260'><subfield code='a'>Minneapolis :</subfield><subfield code='b'>University of Minnesota Press :</subfield><subfield code='b'>published in cooperation with the Weisman Art Museum,</subfield><subfield code='c'>c2006.</subfield></datafield><datafield ind1=' ' ind2=' ' tag='300'><subfield code='a'>xiv, 107 p., [24] p. of plates :</subfield><subfield code='b'>ill. (some col.) ;</subfield><subfield code='c'>26 cm.</subfield></datafield><datafield ind1=' ' ind2=' ' tag='500'><subfield code='a'>Catalog of an exhibition &quot;Mark Dion: cabinet of curiosities&quot; at the Weisman Art Museum from Feb. 24-May 27, 2001.</subfield></datafield><datafield ind1=' ' ind2=' ' tag='504'><subfield code='a'>Includes bibliographical references.</subfield></datafield><datafield ind1='1' ind2='0' tag='600'><subfield code='a'>Dion, Mark,</subfield><subfield code='d'>1961-</subfield><subfield code='v'>Exhibitions.</subfield></datafield><datafield ind1=' ' ind2='0' tag='650'><subfield code='a'>Cabinets of curiosities</subfield><subfield code='v'>Exhibitions.</subfield></datafield><datafield ind1=' ' ind2='0' tag='650'><subfield code='a'>Site-specific installations (Art)</subfield><subfield code='z'>Minnesota</subfield><subfield code='z'>Minneapolis</subfield><subfield code='v'>Exhibitions.</subfield></datafield><datafield ind1=' ' ind2='0' tag='650'><subfield code='a'>Museum techniques</subfield><subfield code='v'>Exhibitions.</subfield></datafield><datafield ind1='2' ind2='0' tag='610'><subfield code='a'>University of Minnesota</subfield><subfield code='v'>Exhibitions.</subfield></datafield><datafield ind1='1' ind2=' ' tag='700'><subfield code='a'>Sheehy, Colleen J.</subfield><subfield code='q'>(Colleen Josephine),</subfield><subfield code='d'>1953-</subfield></datafield><datafield ind1='2' ind2=' ' tag='710'><subfield code='a'>Frederick R. Weisman Art Museum.</subfield></datafield><datafield ind1='4' ind2='1' tag='856'><subfield code='z'>Access Table of contents.</subfield><subfield code='u'>http://www.loc.gov/catdir/toc/ecip0620/2006028171.html</subfield></datafield><datafield ind1=' ' ind2=' ' tag='902'><subfield code='a'>170123</subfield></datafield><datafield ind1=' ' ind2=' ' tag='907'><subfield code='a'>.b30760306</subfield><subfield code='b'>multi</subfield><subfield code='c'>-</subfield></datafield><datafield ind1=' ' ind2=' ' tag='945'><subfield code='l'>pstk </subfield><subfield code='g'>1</subfield></datafield><datafield ind1=' ' ind2=' ' tag='979'><subfield code='a'>ocm71243877</subfield></datafield><datafield ind1=' ' ind2=' ' tag='998'><subfield code='b'>0</subfield><subfield code='c'>070809</subfield><subfield code='d'>m</subfield><subfield code='e'>a</subfield><subfield code='f'>-</subfield><subfield code='g'>0</subfield></datafield><datafield ind1=' ' ind2=' ' tag='998'><subfield code='a'>08/09/07</subfield><subfield code='s'>LC</subfield><subfield code='c'>AT</subfield></datafield><datafield ind1=' ' ind2=' ' tag='ADM'><subfield code='b'>2017-08-26 04:42:38</subfield><subfield code='e'>b30760306-01tuli_inst</subfield><subfield code='d'>ILS</subfield><subfield code='a'>2017-06-20 07:15:51</subfield><subfield code='c'>false</subfield></datafield><datafield ind1='0' ind2=' ' tag='HLD'><subfield code='b'>MAIN</subfield><subfield code='c'>stacks</subfield><subfield code='h'>N6537.D54</subfield><subfield code='i'>A4 2006</subfield><subfield code='8'>22263664590003811</subfield></datafield><datafield ind1=' ' ind2=' ' tag='ITM'><subfield code='r'>22263664590003811</subfield><subfield code='b'>1</subfield><subfield code='h'>0</subfield><subfield code='g'>stacks</subfield><subfield code='t'>BOOK</subfield><subfield code='9'>39074022826796</subfield><subfield code='e'>stacks</subfield><subfield code='8'>23263664580003811</subfield><subfield code='a'>0</subfield><subfield code='q'>2017-06-20 07:15:51</subfield><subfield code='i'>N6537.D54 A4 2006</subfield><subfield code='d'>MAIN</subfield><subfield code='f'>MAIN</subfield></datafield></record>
</collection>
